3254 5202
802 510 1016 617 *m*

361 674 505 750 rantibus
527 685 538 773 [
545 686 592 774 et]
615 688 738 770 partem
761 702 800 749 ea
822 683 862 748 de
884 702 982 750 eausa
1003 686 1126 767 partem
1148 682 1262 748 ueteris
1281 682 1463 756 hominibus

361 794 535 859 auxiliandi
555 795 661 879 gratia
683 794 829 878 egregios
844 791 1131 875 memorandusque
1145 794 1276 859 labores
1291 812 1463 877 perpessus

362 904 481 971 eximia
503 905 669 971 nobilitate
691 909 818 988 praeter
841 909 963 969 eeteros
979 909 1028 969 est
1042 902 1257 987 peruulgatus
1291 898 1462 985 eorumque

360 1015 442 1079 alter
462 1020 511 1079 est
532 1015 618 1079 leuis
640 1013 723 1080 alter
744 1013 882 1097 Neptuni
904 1013 1004 1097 filius,
1032 1031 1168 1094 querum
1193 1031 1259 1075 non
1280 1013 1372 1078 abest
1391 1032 1461 1097 pro-

289 1158 291 1163 ·
336 1124 530 1207 spinquitas.

447 1234 593 1300 Cancer
620 1233 714 1298 astris
741 1233 865 1318 positus
893 1250 967 1298 esse
994 1231 1109 1298 dieitur
1134 1231 1291 1299 benefitio
1320 1230 1462 1308 Iunonis,
1566 1264 1569 1269 ·

362 1342 462 1427 quod,
491 1364 563 1409 eum
584 1345 739 1411 Hercules
753 1380 755 1387 ,
768 1362 838 1407 eum
865 1341 970 1429 hydra
997 1340 1041 1407 ad
1068 1341 1190 1407 fontem
1212 1342 1382 1407 Laernium
1409 1342 1463 1406 de-

267 1526 274 1537 )
357 1458 528 1538 pugnaret,
552 1454 603 1519 hie
625 1473 743 1520 eaneer
753 1452 900 1518 Herculis
921 1438 1037 1537 pedem
1058 1473 1165 1518 morsu
1188 1450 1406 1536 deprehendit,
1429 1458 1464 1516 ut

360 1563 518 1647 Panyasis
545 1570 654 1629 auster
676 1563 766 1648 dirit,
796 1580 891 1645 quern
916 1562 1017 1628 iratus
1039 1562 1192 1629 Hercules
1214 1562 1369 1627 auleatum
1391 1582 1464 1627 eon·

325 1671 534 1736 retribulauit.
569 1670 789 1756 beneficioque
804 1673 934 1738 lunonis
950 1674 1075 1758 magnis
1097 1672 1272 1739 honoribus
1294 1670 1464 1736 deauratus

361 1803 407 1844 x11
434 1781 594 1866 signorum
622 1802 754 1848 numero
782 1783 1018 1849 adnumeratur.
1063 1787 1136 1848 sunt
1163 1783 1197 1847 in
1223 1781 1285 1847 hoe
1312 1779 1404 1864 signo
1430 1780 1464 1845 in
1541 1816 1544 1823 >

361 1890 430 1956 eius
445 1896 528 1956 testa
541 1880 628 1958 aiiae
645 1893 766 1969 stellae,
790 1912 870 1974 quas
885 1893 1017 1957 asinos
1040 1891 1214 1976 appellant.
1248 1891 1365 1956 Graeei
1379 1890 1464 1956 enim

361 1992 458 2079 ὅνους
480 2001 596 2067 dieunt.
627 2021 708 2084 quos
724 2002 820 2069 Liber
835 2003 931 2066 astris
953 2001 1067 2065 intulit.
1096 2000 1183 2084 quod
1198 2020 1270 2065 aum
1285 2002 1327 2065 ab
1342 2002 1465 2067 Iunone

359 2110 488 2177 insania
514 2111 638 2177 obieeta
671 2110 797 2192 fugeret
825 2112 871 2175 ad
890 2129 1038 2188 occasus,
1065 2125 1099 2174 ut
1125 2114 1158 2175 iu
1184 2109 1355 2175 Dodonaei
1378 2110 1465 2176 Iouis

324 2245 349 2285 ιι
361 2220 478 2303 templo
502 2240 657 2305 responsa
678 2225 810 2305 peteret,
833 2227 868 2285 ut
881 2219 1019 2286 Filiseus
1033 2219 1141 2304 refert,
1163 2219 1290 2306 magnis
1310 2220 1464 2296 imbribus

361 2351 432 2396 eum
453 2330 610 2415 grandine
634 2330 711 2395 ortis
732 2331 823 2407 istae,
847 2350 910 2412 qua
932 2331 1123 2396 transiturus
1139 2335 1208 2394 erat
1222 2329 1386 2405 inundata,
1409 2330 1463 2394 de-

359 2441 520 2507 tinuerunt
537 2441 599 2505 iter
622 2439 691 2523 eius
714 2440 797 2506 asini
820 2459 860 2505 ex
883 2441 1040 2506 saumario
1056 2441 1249 2505 transeuntis
1270 2458 1329 2525 per
1350 2457 1462 2521 aquas.

358 2570 399 2615 ex
421 2549 471 2615 his
492 2571 556 2616 unu
577 2550 721 2615 insidens
751 2550 875 2644 etipse
896 2554 1097 2615 transuectus
1126 2567 1198 2614 esse
1226 2548 1295 2614 sine
1320 2548 1462 2632 perieule

358 2660 547 2743 insaniaque
569 2660 724 2726 liberatus
746 2660 869 2725 dieitur.
913 2680 978 2726 uno
1000 2659 1109 2742 itaque
1131 2678 1171 2722 ex
1193 2655 1244 2724 his
1266 2656 1401 2742 fauisse,
1429 2663 1465 2722 ut

323 2789 441 2837 manee
462 2769 603 2836 humana
616 2771 809 2851 loqueretur.
829 2768 976 2834 alterum
992 2767 1197 2834 tlabureauit.
1232 2767 1286 2851 qui
1301 2788 1371 2833 eum
1393 2787 1465 2834 sen·
1487 2831 1493 2846 ,

360 2900 429 2946 surn
453 2876 629 2964 aeeepisset
652 2872 749 2966 [eum]
770 2898 908 2963 paucum
929 2884 1063 2964 tempus,
1087 2897 1157 2944 eum
1172 2876 1290 2963 Priape
1314 2876 1354 2942 de
1369 2895 1464 2944 mem·

359 3132 395 3187 de
414 3147 500 3187 eausa
519 3132 724 3198 Mnrquurdu'us
753 3128 768 3199 Η
799 3129 947 3185 immortali
970 3129 1103 3184 memoria
1125 3128 1313 3184 contentionis
1336 3132 1463 3183 aeterna·

359 3223 417 3285 tus,
436 3217 597 3291 purgandae
615 3247 669 3274 ιιι
688 3233 773 3271 eausa
791 3220 874 3287 atque
894 3217 997 3271 ceteris
1016 3232 1028 3270 s
1047 3215 1062 3287 Η
1080 3218 1100 3272 2
1118 3214 1276 3287 auxiliande
1294 3220 1342 3270 ΑΡ
1362 3214 1375 3285 Η
1399 3231 1462 3286 per·

358 3316 460 3378 pessos
479 3310 510 3357 A.
531 3303 549 3376 Ἠ
579 3307 749 3376 3pretarP
775 3302 791 3375 Η
822 3303 1008 3359 4Ιοιιίεόηι.
1028 3310 1051 3356 Ρ
1081 3302 1094 3373 Η
1126 3304 1281 3359 6011111
1297 3307 1365 3370 Hyp.
1383 3307 1412 3354 P.
1430 3305 1462 3357 A.

359 3396 435 3446 1123
447 3398 537 3446 11122
563 3391 578 3465 Η
603 3395 619 3448 7
636 3393 704 3462 ydra
722 3396 771 3444 ΑΡ
796 3391 810 3461 Η
842 3391 1003 3462 9paniasie
1021 3396 1069 3444 ΔΡ
1096 3390 1109 3462 Η
1138 3396 1173 3460 cf.
1195 3393 1461 3458 Ptolemaeumque.

359 3489 431 3548 pu
455 3482 568 3533 Meteri.
589 3485 663 3533 aaut.
681 3483 831 3532 Alexandr.
850 3499 877 3546 p.
891 3486 945 3531 369
976 3478 990 3552 Η
1021 3483 1056 3537 10
1073 3478 1241 3548 megibusA
1281 3476 1295 3548 Η
1331 3478 1365 3532 12
1382 3479 1461 3531 texto

358 3571 380 3619 A
410 3565 425 3637 Η
452 3570 531 3621 textu
549 3574 572 3620 P
597 3568 611 3641 Η
639 3572 716 3623 testa
733 3572 830 3634 scripsi
858 3564 873 3638 Η
902 3568 1024 3622 stelleA
1055 3566 1068 3639 Η
1097 3568 1241 3636 greei'AP
1258 3565 1271 3639 Η
1291 3566 1326 3621 13
1345 3566 1463 3624 ΟΝΟΙΟ

358 3660 381 3707 Ρ
399 3652 412 3726 Η
432 3654 467 3708 14
483 3658 515 3707 ut
531 3659 602 3708 altro
616 3655 645 3708 in
658 3673 693 3707 ea
708 3656 950 3708 wiremutensis
970 3653 984 3727 Η
1004 3652 1126 3709 dodonai
1138 3657 1160 3706 A
1182 3651 1205 3726 Η-
1216 3654 1388 3728 dedentem-s
1407 3662 1430 3708 Ρ
1447 3654 1461 3726 Η

358 3742 393 3797 15
410 3744 525 3811 magnus
543 3743 632 3796 imber
649 3758 711 3795 eum
730 3740 864 3810 grandine
877 3743 954 3813 erius
967 3744 1012 3794 est
1025 3756 1141 3811 eumque
1160 3761 1172 3796 ι
1192 3739 1206 3813 Η
1227 3744 1262 3799 16
1275 3745 1351 3797 ortus
1371 3746 1462 3796 estea·

359 3842 429 3901 quae
448 3832 470 3879 A
489 3827 504 3898 Η
523 3832 599 3882 ortus
620 3832 753 3899 eeteuque
772 3833 795 3879 P
812 3826 826 3901 Η
851 3830 919 3889 ortis
938 3828 1012 3882 istae
1030 3845 1084 3898 qua
1101 3833 1198 3896 scripsi
1222 3827 1238 3899 Η
1261 3828 1395 3884 inundata
1413 3828 1461 3884 de·

357 3916 478 3970 tinerent
495 3917 568 3970 inter
585 3916 646 3969 eius
666 3915 738 3968 asini
757 3915 845 3980 (useni
860 3920 880 3966 A
896 3925 964 3967 reste
975 3919 1130 3982 Kiessliup.)
1143 3920 1192 3968 AP
1209 3914 1222 3987 Η
1243 3933 1304 3970 eum
1322 3917 1463 3987 istaeque

356 4003 520 4057 mansiturus
540 4008 600 4057 erat
617 4002 752 4055 inundata
770 4001 940 4066 detinerent,
966 4002 1154 4057 interueniunt
1172 4003 1244 4056 asini
1263 4006 1426 4056 contererem
1447 4002 1460 4075 Η

358 4090 534 4145 detinuerunt
550 4092 605 4144 iter
623 4090 683 4143 eius
703 4088 805 4142 asinis
825 4088 839 4161 Η
863 4091 896 4144 17
913 4090 1083 4144 transientes
1102 4093 1124 4141 A
1146 4090 1158 4158 Η
1179 4090 1213 4144 18
1230 4090 1256 4142 is
1276 4092 1298 4139 A
1320 4088 1333 4159 Η
1354 4092 1399 4144 est
1416 4093 1464 4142 AP

358 4178 371 4249 Η
393 4195 456 4232 esse
474 4197 485 4232 a
505 4177 521 4248 Η
539 4179 573 4232 19
591 4178 616 4230 is
634 4179 656 4227 A
678 4175 692 4246 Η
712 4172 751 4233 20
766 4158 882 4232 alterum
900 4178 1059 4253 procreauit
1076 4177 1240 4229 deauratam.
1255 4161 1330 4243 fflrod
1346 4195 1399 4228 erun
1419 4181 1462 4230 iu·

357 4270 454 4334 1111191)
475 4263 613 4336 [alterum]
630 4268 731 4341 ,cetera
745 4265 834 4319 nitar
854 4262 919 4334 1121
939 4265 1086 4335 accepisse
1100 4258 1170 4344 ἈΗ
1186 4278 1246 4316 enm
1266 4262 1366 4315 uelauit
1385 4280 1398 4316 e
1418 4263 1433 4335 Η
