3252 5204
617 448 832 513 ..41-

385 666 781 773 [raosuosmuoav'u
803 679 1067 775 latomorum]⁵

148 850 162 913 Ι
257 861 346 925 Haeo
369 861 425 923 uia
446 857 524 923 solis
546 858 605 922 erit
626 858 677 925 bis
700 858 786 922 senis
802 856 915 934 ,lueida
938 858 1046 942 signis.

170 967 287 1032 nobilis
308 968 359 1031 hio
380 968 482 1032 aries
504 973 617 1032 aurato
639 968 769 1051 uellere,
784 966 953 1049 -quondam

172 1077 225 1160 qui
244 1075 315 1140 tulit
337 1077 371 1139 in
392 1078 517 1141 Tauros
539 1076 700 1161 Phrixum,
725 1076 777 1158 qui
800 1074 939 1159 prodidit
960 1074 1084 1152 Hellen,

172 1205 265 1268 quem
287 1191 416 1268 propter
436 1183 590 1250 fabriaata
611 1186 698 1269 ratis,
724 1182 964 1268 quemperfida
986 1182 1114 1248 Colchis

172 1293 276 1377 sopito
298 1294 396 1378 uigile
418 1293 540 1359 ineesto
564 1293 694 1358 donauit
716 1293 824 1359 amori.

173 1401 317 1487 aorniger
338 1400 559 1481 metaurus,
583 1401 673 1468 euius
695 1403 832 1486 deeepta
852 1402 954 1484 figura

172 1511 310 1594 Europe,
331 1510 481 1576 thalamis
504 1518 536 1577 et
556 1512 739 1595 uirginitate
761 1511 882 1590 relicta,

173 1639 229 1702 per
250 1618 333 1685 freta
354 1620 499 1685 sublimis
521 1627 612 1706 tergo
633 1621 800 1686 mendacia
822 1621 921 1686 sensit

172 1727 274 1807 litora,
298 1729 434 1794 Cretaeo
456 1735 567 1814 partus
589 1729 683 1794 enixa
704 1729 827 1793 marito.

174 1842 246 1901 sunt
266 1838 420 1922 gemini,
444 1858 525 1920 quos
546 1838 634 1903 nulla
657 1838 727 1902 dies
750 1838 807 1903 sub
831 1818 965 1918 Tartara
987 1837 1084 1916 misit;

174 1944 231 2011 sed
254 1945 344 2010 eaelo
366 1966 500 2030 semper,
525 1947 628 2013 nautis
651 1947 825 2013 laetissima
847 1949 960 2033 signa,

174 2053 322 2135 Ledaeos
344 2056 453 2119 statuit
474 2055 600 2122 iuuenis
622 2062 713 2140 pater
734 2057 805 2140 ipse
827 2055 968 2121 deorum.

173 2168 203 2227 te
227 2182 363 2247 quoque,
386 2162 557 2230 fecundam
579 2171 711 2231 meteret
733 2186 804 2231 oum
826 2166 1002 2231 domminus
1023 2165 1161 2250 hydram

174 2270 315 2350 Aloides,
338 2290 451 2337 ausum
473 2294 580 2340 morsu
604 2276 787 2361 eontingere
800 2274 902 2340 'ruello

174 2379 279 2445 sidere
301 2379 441 2460 donauit,
467 2402 618 2468 oanaer,
642 2384 790 2450 Saturnia
813 2385 904 2461 luno,

172 2508 346 2570 numquam
368 2489 468 2555 oblita
489 2494 548 2576 sui,
571 2512 743 2573 numquam
766 2512 879 2557 seoura
901 2511 1048 2556 nouerca.

173 2596 247 2662 hino
268 2599 451 2665 Nemeaeus
473 2602 532 2666 erit
553 2602 642 2665 iuxta
664 2602 738 2680 leo;
761 2607 837 2664 tune
858 2600 912 2683 pia
933 2601 1060 2680 uirgo;
1112 2662 1118 2671 ,

14 2778 16 2785 ,
49 2778 58 2795 .
174 2706 349 2790 soorpios
373 2709 445 2775 hino
468 2709 566 2794 duplo
589 2731 683 2793 quam
707 2716 812 2776 uetera
833 2707 977 2792 possidet
999 2709 1076 2775 orbe

175 2817 290 2901 sidera,
312 2838 370 2901 per
388 2818 522 2885 ohelas
544 2821 704 2900 geminato
726 2819 844 2884 lumine
866 2817 1004 2899 fulgens,

176 2947 267 3009 quem
291 2926 367 2992 mihi
391 2928 466 2994 diua
488 2936 581 2994 canet
601 2926 684 2993 dioto
707 2929 796 3012 prius
818 2929 945 2995 Orione.

174 3037 248 3103 inde
271 3038 486 3119 sagittifero
508 3043 612 3103 tentus
634 3040 818 3104 euruabitur
839 3060 941 3118 araus,

176 3148 230 3230 qui
252 3147 365 3243 solitus
387 3146 498 3212 Musas
520 3148 833 3231 uenerari‘supplioe
854 3150 970 3232 plausu

176 3262 327 3340 aceeptus
337 3254 441 3323 eaelo
464 3256 621 3322 Phoebeis
645 3256 735 3341 ardet
757 3257 791 3320 in
812 3259 917 3322 armis.

176 3364 363 3432 eoehlidis
386 3368 572 3451 inuentor,
597 3367 686 3431 euius
708 3366 835 3430 'litania
857 3366 934 3430 flatu

176 3454 299 3558 proelia
320 3476 476 3540 oommisit
500 3476 644 3540 diuorum
666 3470 891 3541 laetior'aetas

176 3587 345 3650 bellantem
369 3585 517 3648 comitata
538 3586 656 3661 Iouem,
681 3584 807 3666 pietatis
829 3584 993 3667 honorem,

176 3701 210 3758 ut
231 3694 337 3759 fuerat
357 3693 506 3775 geminus
528 3693 638 3771 forma,
662 3693 709 3758 sie
732 3692 845 3776 sidere,
869 3698 960 3778 oepit.
1088 3766 1091 3771 g

169 3802 236 3879 hio,
259 3801 413 3883 Auguste,
436 3808 523 3867 tuum
545 3803 677 3885 genitali
700 3822 832 3886 corpore
855 3821 971 3866 numen

176 3909 326 3975 attonitas
349 3912 432 3976 inter
452 3911 556 3997 gentis
578 3911 776 3995 patriamque
798 3917 967 3993 pauentem

177 4019 210 4083 in
233 4018 356 4083 eaelum
379 4020 450 4084 tulit
471 4027 503 4084 et
525 4021 675 4084 maternis
698 4018 837 4083 reddidit
859 4021 961 4085 astris.

178 4127 340 4212 proximus
362 4128 511 4213 infestas,
534 4129 609 4194 olim
633 4147 713 4210 quas
735 4127 872 4214 fugerat,
895 4128 1001 4196 undas
1041 4165 1042 4168 π

177 4237 392 4305 Deuoalion
414 4258 550 4323 paruam
573 4237 753 4305 defundens
776 4238 900 4303 indioat
921 4224 1067 4304 urnam}
1159 4276 1165 4287 -ι
1260 4246 1290 4287 ὁ
