3202 5200
781 487 1015 553 -186-

306 657 594 742 Soppinabantur,
624 657 732 721 dicunt
759 656 859 723 luisse
882 658 1059 740 Hesperum
1082 657 1228 724 Aurorae
1255 665 1287 724 et
1315 658 1452 742 Cephali

344 768 442 834 filium
466 772 497 829 et
519 767 560 830 ob
581 767 827 851 pulcritudinem
850 788 922 830 cum
937 766 1061 830 Venere
1086 773 1225 835 certasse
1248 770 1281 832 in
1304 768 1398 833 coitu.
1421 774 1453 833 et

343 877 461 940 idcirco
489 875 695 958 Phosphorus
722 882 753 940 et
778 875 941 959 Hesperus
968 881 1110 940 uocatur.
1145 877 1186 940 ab
1214 877 1275 944 hac
1302 878 1387 945 enirn
1416 899 1452 944 se

343 986 540 1068 uoluptatem
573 983 692 1051 habere
725 986 907 1050 credebant.
947 1006 1040 1068 porro
1069 986 1217 1052 Mercurii
1252 989 1395 1066 stellam,
1432 1010 1453 1052 a

303 1117 330 1153 -r
344 1117 408 1177 qua
431 1116 465 1160 se
487 1096 632 1176 linguam
655 1101 686 1159 et
708 1095 899 1177 sapientiam
923 1096 1086 1179 percipere
1108 1097 1308 1177 arbitrantur,
1331 1098 1451 1163 ideirco

342 1204 500 1269 Mercurio
530 1204 638 1269 datam
666 1204 908 1281 existimabant,
939 1204 1090 1284 quoniam
1112 1206 1234 1288 primus
1258 1227 1384 1272 menses
1407 1208 1452 1271 in-

344 1316 480 1379 stituerit
502 1319 533 1378 et
556 1313 697 1379 ordinem
722 1313 802 1381 caeli
828 1319 859 1378 et
881 1333 991 1378 cursus
1015 1313 1156 1378 siderum
1179 1321 1211 1380 et
1233 1316 1398 1381 stellarum
1420 1322 1453 1383 et

342 1425 503 1488 horarum.
538 1431 570 1489 et
593 1423 693 1487 Stilbo
716 1428 850 1489 uocatur
873 1423 932 1487 hac
955 1442 995 1486 en
1019 1424 1144 1487 causal.
1179 1444 1242 1488 uon
1270 1426 1350 1489 nulli
1372 1446 1452 1491 uero

345 1534 452 1599 sidera
475 1555 494 1598 a
516 1536 640 1598 Venere
667 1532 795 1597 condita
824 1540 855 1597 et
876 1532 1031 1596 Mercurio
1054 1531 1271 1597 demonstrata
1293 1552 1365 1599 esse
1387 1554 1452 1598 cre-

306 1643 471 1709 rodebant.
506 1641 561 1725 qui
589 1647 679 1706 tanta
707 1642 869 1707 celeritate
896 1641 978 1705 inter
1004 1640 1152 1707 omnibus
1175 1642 1312 1724 planetis
1335 1642 1453 1706 habere

343 1752 467 1836 dicitur,
491 1757 525 1817 ut
546 1772 660 1817 nouem
685 1751 797 1816 diebus
820 1772 895 1815 suos
917 1757 1060 1835 permeet
1076 1751 1221 1831 circulos,
1244 1751 1331 1835 quod
1346 1753 1452 1816 Satur-

342 1880 402 1927 nus
424 1860 557 1941 triginta
577 1862 672 1926 annis
695 1866 726 1927 et
740 1862 881 1945 Iuppiter
904 1859 1071 1929 duodecim
1093 1861 1225 1944 possint,
1249 1861 1334 1928 unde
1356 1864 1452 1927 etiarn

342 1972 490 2036 Lucanus
512 1971 556 2034 ait

602 2085 752 2162 motuque
774 2078 860 2143 celer
883 2079 1049 2162 Cyllenius
1071 2078 1190 2167 haeret.

306 2214 330 2250 rs
343 2188 467 2252 Plinius
484 2208 621 2270 namque
637 2187 803 2253 Secundus
827 2188 902 2252 dicit
924 2189 1037 2253 stellas
1059 2194 1199 2253 cometas
1221 2189 1289 2254 fieri
1305 2209 1344 2253 ex
1360 2190 1453 2272 quin-

322 2317 407 2378 1que
431 2297 577 2379 planetis,
602 2295 687 2361 uude
710 2296 868 2361 interdum
890 2298 989 2375 hona,
1013 2298 1169 2361 interdum
1194 2298 1334 2381 pessima
1356 2299 1452 2383 signi-

342 2405 446 2470 ficant.
470 2427 544 2470 narn
567 2406 595 2472 si
610 2406 651 2472 de
666 2406 793 2470 Venere
816 2412 871 2471 aut
885 2405 964 2471 Ioue
984 2407 1072 2484 liant,
1094 2408 1213 2491 optima
1234 2410 1452 2493 pronuntiant,

342 2515 370 2579 si
397 2515 438 2579 de
460 2516 560 2582 Marte
587 2521 644 2580 aut
665 2515 819 2596 Saturno,
850 2515 1019 2581 deteriora.
1054 2536 1128 2580 narn
1149 2516 1348 2582 Mercurialis
1375 2517 1452 2581 talis

343 2630 391 2689 est
405 2644 540 2708 semper,
563 2625 667 2707 qualis
682 2625 746 2704 ille,
767 2625 818 2689 oui
841 2624 999 2690 cohaeret.
1022 2624 1096 2690 hinc
1112 2631 1143 2690 et
1158 2625 1302 2691 minister
1317 2626 1449 2692 deorum

304 2734 481 2815 mingitur.
505 2734 568 2798 duo
591 2753 713 2818 genera
728 2754 837 2798 eorum
852 2734 1017 2817 lampades
1031 2740 1157 2813 uocant,
1180 2737 1329 2819 planetas
1351 2738 1449 2822 faces,

343 2844 489 2928 planetas
511 2844 646 2907 bolides.
669 2843 756 2908 laces
780 2847 887 2907 autern
908 2843 1049 2925 uestigia
1070 2845 1171 2926 longa
1185 2844 1260 2910 facit
1273 2848 1379 2929 priore
1401 2869 1452 2912 ar-

231 3020 235 3028 ,
343 2954 439 3019 dente
461 2959 552 3037 parte
574 2933 608 3017 et
621 2953 728 3035 signat
743 2954 833 3036 regni
847 2953 1064 3032 mutationem,
1089 2955 1172 3019 bolis
1195 2974 1272 3020 uero
1294 2962 1451 3040 perpetua

342 3063 459 3127 ardens
480 3042 664 3144 longiorem
680 3062 813 3127 limitem
836 3063 910 3129 facit
933 3068 964 3127 et
986 3063 1092 3146 signat
1113 3065 1336 3147 pestilentiam.

427 3172 641 3254 Annosasquc
663 3172 747 3260 uias]

303 3310 346 3348 rr·
427 3283 565 3349 Lacteus
588 3282 739 3363 circulus,
763 3283 816 3365 qui
839 3304 956 3366 graece
978 3284 1132 3365 galaxeas
1156 3285 1279 3366 dicitur,
1303 3307 1341 3355 eo
1365 3288 1451 3370 quod

304 3466 325 3512 S
379 3462 394 3514 1
415 3460 486 3515 dis
506 3461 519 3529 Η
540 3460 637 3514 dicunt
654 3465 750 3526 scripsi
776 3457 789 3527 Η
814 3459 831 3511 2
849 3456 1070 3529 pulcritudinem·
1089 3462 1109 3510 S
1134 3456 1148 3528 Η
1173 3460 1191 3513 3
1209 3457 1245 3511 ad
1263 3458 1335 3512 hane
1354 3464 1374 3510 s
1393 3478 1453 3512 ror-

341 3554 402 3601 rcrri
421 3566 457 3600 err
477 3546 580 3602 derel
610 3545 622 3617 Η
651 3547 891 3603 sarbitramurs
917 3542 931 3614 Η
961 3544 1132 3598 lorbemS
1160 3544 1174 3615 Η
1203 3545 1292 3601 Shac
1310 3562 1345 3599 ex
1363 3561 1451 3600 cansa

342 3641 376 3702 cf.
395 3637 475 3691 schol.
497 3639 582 3687 unsre.
601 3643 702 3702 p.103,
725 3643 756 3686 w
784 3630 797 3702 ΙΙ
827 3635 843 3687 9
867 3630 1020 3684 credebant
1039 3651 1107 3684 corr.
1128 3649 1163 3684 err
1182 3632 1405 3686 credebanturS
1436 3631 1450 3703 Η

342 3724 376 3778 10
394 3723 467 3775 inter
485 3723 612 3776 omnibus
626 3722 754 3799 'planetis
773 3725 794 3773 S
813 3738 865 3773 arcu
885 3723 1069 3787 corripendum
1088 3722 1243 3771 erisliruuur'
1263 3717 1277 3789 Η
1297 3721 1331 3774 13
1350 3725 1452 3774 Lucan.

342 3811 434 3864 Plura.
454 3814 471 3860 1
481 3816 534 3862 ⁶68
552 3811 566 3880 Η
587 3811 621 3865 15
640 3812 731 3861 horum
750 3825 840 3860 rerum
858 3807 926 3858 mihil
946 3809 1017 3873 uprrrl
1035 3809 1150 3857 Plinium
1169 3811 1259 3858 iuueni
1280 3805 1293 3875 Η
1314 3807 1347 3860 ll
1366 3805 1452 3859 deue-

341 3900 440 3948 neres
461 3896 475 3965 Η
495 3897 708 3967 pronuptiantS
729 3892 742 3964 Η
762 3894 1058 3948 20Plirr.r,h.1196:
1079 3892 1132 3946 duc
1153 3908 1257 3961 genera
1276 3908 1368 3945 earum
1389 3894 1417 3959 (i.
1429 3911 1452 3945 r.

341 3974 441 4050 forans)
465 3983 609 4054 lampadas
633 3985 737 4036 uocant
760 3980 843 4049 plane
862 3978 949 4042 facis,
974 3978 1089 4031 alterum
1112 3977 1238 4044 bolides,
1265 3979 1347 4047 quale
1366 3978 1452 4032 Muti-

340 4071 474 4124 nensibus
494 4071 574 4124 malis
593 4070 683 4123 uisum
702 4072 754 4121 est.
784 4066 892 4119 distant
911 4064 984 4134 quod
1004 4064 1081 4118 faces
1100 4065 1224 4133 uestigia
1241 4066 1326 4134 longa
1345 4065 1455 4121 faciunt

340 4157 433 4227 priore
453 4158 567 4210 ardente
583 4150 675 4225 parte,
694 4153 768 4207 bolis
782 4169 848 4206 uero
862 4156 999 4222 perpetua
1018 4152 1119 4206 ardens
1139 4152 1292 4221 longiorem
1312 4152 1399 4206 trahit
1418 4152 1452 4204 li-

340 4244 436 4298 mitem
456 4243 468 4314 ΙΙ
489 4246 522 4299 21
541 4242 652 4296 uolidas
670 4246 691 4294 S
711 4239 724 4310 Η
745 4240 823 4294 faces
843 4243 863 4291 S
883 4244 917 4306 cf.
932 4243 1029 4291 Festus
1042 4257 1065 4292 s.
1078 4258 1102 4294 u.
1118 4244 1193 4306 foces
1211 4259 1236 4306 ρ.
1249 4250 1285 4292 87
1304 4244 1415 4293 Miller.
1437 4238 1452 4311 Η

340 4332 377 4387 24
397 4335 484 4385 erm.
503 4333 684 4383 rra-ross
705 4324 717 4397 Η
