3254 5202
644 486 883 553 -131-.

203 656 319 721 rantur.
353 656 511 734 nubilum,
539 655 625 737 quod
648 654 733 719 eires
755 672 826 718 eum
850 653 990 733 uidetur,
1013 656 1217 740 praesepium
1240 658 1305 724 uioi
1332 670 1359 737 s

201 772 262 830 tur.
296 766 408 830 inore
432 784 543 843 unam,
570 764 604 828 in
626 762 747 828 dextris
773 762 910 847 pedibus
937 763 1091 846 singulas.
1129 765 1208 832 fiunt
1230 777 1321 851 quat·

203 878 280 945 tuor
298 874 463 940 obscurae.
486 873 519 938 in
542 873 679 940 sinistris
700 873 805 957 priore
828 871 931 939 oleras
952 896 987 952 11,
1009 874 1044 939 in
1067 875 1208 940 seeundo
1230 898 1265 953 ιι,
1287 877 1321 940 in

202 984 294 1048 tertio
322 1005 343 1061 1,
365 983 399 1047 in
420 987 561 1047 extremo
584 982 706 1046 minore
728 1005 749 1060 1,
771 983 911 1048 intesta
933 1004 967 1046 ιι.
1001 988 1076 1049 suut
1098 1003 1209 1049 omnes
1229 1006 1295 1047 xvr.

291 1090 523 1174 Horrentisque
545 1089 650 1177 iubas]
1341 1117 1354 1155 ι

187 1288 189 1291 v
290 1202 432 1266 Leonem
453 1200 608 1269 benefioio
630 1201 718 1270 Iouis
739 1202 823 1268 inter
837 1208 925 1268 ostra
940 1200 1132 1267 ooilooutum
1154 1200 1263 1267 dieunt
1277 1221 1317 1268 eo

208 1310 295 1392 quod
321 1309 438 1375 uirtute
466 1317 589 1377 ueteres
611 1313 730 1378 bestias
751 1311 937 1394 praecellat.
961 1308 1153 1375 Periandrus
1173 1308 1318 1377 Rhodius

206 1419 314 1496 refert,
338 1437 411 1484 eum
434 1419 618 1507 obprimes
639 1419 769 1486 labores
792 1419 938 1485 Heroulis
960 1418 1132 1485 memoriae
1149 1439 1247 1485 eausa
1262 1420 1318 1485 ho·

202 1528 334 1594 norifiee
349 1529 447 1595 astris
462 1528 605 1593 inlatum.
627 1529 777 1611 Nigidius
793 1527 899 1607 refert,
920 1527 1006 1593 hune
1021 1528 1148 1592 leonem
1164 1528 1314 1593 nutritum

204 1637 292 1723 opud
312 1637 439 1703 Lunam
453 1638 544 1704 iussu
565 1637 697 1703 Iunonis
721 1642 752 1701 et
772 1636 807 1701 in
827 1643 946 1702 terram
960 1636 1132 1702 Arosdiom
1154 1637 1187 1700 in
1207 1637 1314 1719 regio·
1327 1664 1352 1703 ro

201 1766 277 1813 nem
291 1748 434 1812 Nemeae
448 1747 482 1811 in
497 1747 693 1831 spelunoum
717 1770 797 1832 quoe
812 1744 1049 1829 Amphidymon
1063 1746 1191 1811 nomine
1212 1746 1316 1825 tuerit,

202 1877 298 1939 quam
321 1856 451 1939 quidam
471 1855 676 1940 'samphyriso
699 1854 807 1919 dieunt
831 1854 874 1940 [et
895 1855 986 1920 iussu
1007 1854 1152 1942 Iunonis]
1176 1852 1221 1920 ed
1234 1854 1316 1920 Her-

203 1965 282 2032 ouHs
306 1966 436 2030 exitium
459 1965 634 2031 dimissum.
669 1983 763 2047 quem
785 1964 943 2029 Hercules
963 1964 1053 2030 iussu
1074 1964 1247 2049 Eurysthei
1268 1965 1314 2030 in-

200 2074 325 2140 terfecit
346 2094 416 2139 oum
432 2072 594 2139 Molorcho
616 2073 742 2157 hospite
763 2090 832 2151 suo,
856 2072 946 2138 ouius
969 2072 1096 2138 olauam
1120 2072 1240 2160 [quam]
1264 2072 1314 2138 ui·

200 2185 288 2249 ribus
309 2184 459 2249 tributam
481 2197 546 2247 rom
566 2182 721 2265 principio
744 2186 794 2247 est
816 2181 966 2267 adeptus,
994 2203 1066 2248 eum
1095 2203 1160 2266 qus
1184 2184 1311 2248 leonem
1324 2211 1350 2249 ιι

200 2292 365 2358 interfecit.
387 2292 496 2373 itaque
517 2295 632 2374 postea
654 2290 746 2355 elsua
767 2311 826 2374 pro
847 2291 967 2372 gladio,
988 2291 1074 2374 pelle
1089 2311 1147 2376 pro
1169 2298 1258 2357 souto
1280 2292 1314 2355 in
1356 2344 1360 2349 .

201 2401 324 2483 reliquo
351 2405 495 2483 tempore
525 2399 571 2462 uti
599 2398 703 2481 eoepit
730 2403 761 2461 et
787 2398 874 2481 apud
897 2417 1006 2464 omnes
1027 2399 1181 2463 mortales
1202 2403 1313 2484 gratus

200 2595 245 2659 tio
268 2614 380 2670 unam,
402 2593 436 2656 in
459 2597 574 2674 quarto
596 2609 707 2674 unam,
729 2590 764 2655 in
786 2590 899 2655 dextro
922 2591 1007 2656 labio
1030 2597 1104 2670 tres,
1127 2591 1160 2654 iu
1181 2588 1349 2657 sinistro&

203 2702 296 2769 duas.

285 2812 428 2876 Leonem
454 2809 545 2873 aiunt
572 2808 690 2873 ideireo
715 2808 797 2873 inter
823 2814 911 2873 astra
932 2810 1131 2874 oonlooatum
1159 2828 1198 2874 eo
1224 2808 1349 2891 quodoo

201 2920 324 3005 praesit
345 2917 607 3001 quadrupedibus
629 2917 697 2982 siue
718 2922 848 3005 propter
869 2917 1055 2983 memoriam
1076 2918 1233 2995 Herculis,
1257 2917 1312 3000 qui

203 3030 332 3094 leonem
353 3028 517 3110 ingentem
538 3027 671 3093 inermis
691 3026 807 3092 dieitur
828 3026 1015 3111 peremisse.

236 3199 254 3254 3
271 3198 378 3269 priores
395 3203 417 3252 V
436 3198 449 3271 Η
470 3199 499 3252 ἰιι
517 3197 640 3254 seeundo
654 3215 665 3251 1
677 3201 727 3250 SV
744 3194 758 3268 Η
777 3196 806 3249 iu
825 3196 951 3251 seeundo
970 3214 995 3251 ιι
1012 3200 1159 3265 scripsisse
1172 3199 1269 3263 Hypios.
1281 3199 1309 3247 P.
1327 3198 1349 3248 8

200 3289 233 3338 Δ.
247 3290 291 3336 111
303 3291 338 3338 52
358 3284 371 3356 Η
391 3287 408 3342 5
429 3291 517 3339 Gerus.
533 3293 673 3337 ree-ree
690 3287 711 3337 8
731 3281 745 3354 Η
765 3286 782 3339 6
800 3283 934 3337 benefitio
953 3287 974 3336 8
994 3282 1008 3354 Η
1027 3282 1141 3337 Iunonis
1165 3288 1188 3336 V
1207 3282 1220 3354 Η
1241 3282 1311 3337 diei·

201 3376 246 3426 tur
268 3378 291 3426 V
309 3373 322 3442 Η
342 3375 357 3428 7
376 3373 485 3427 bestias
504 3392 554 3426 om.
574 3378 597 3426 V
614 3371 635 3461 li·
649 3370 824 3442 procellose
845 3369 859 3441 Η
879 3369 984 3442 peellet
1000 3375 1023 3423 V
1040 3370 1054 3442 Η
1073 3368 1247 3424 Periandrus
1266 3385 1310 3423 ro·

202 3493 265 3547 dius
283 3497 305 3546 8
325 3493 340 3565 Η
358 3495 376 3550 8
394 3510 428 3548 eo
447 3495 561 3564 quods
582 3493 595 3565 Η
615 3468 696 3565 p¹mos
714 3497 763 3545 SV
782 3490 795 3562 Η
815 3493 832 3545 9
850 3493 946 3546 ssut⁹s
966 3492 980 3564 Η
999 3491 1176 3563 Nygidiuss
1197 3491 1209 3563 Ι’
1230 3493 1265 3547 10
1282 3492 1312 3543 in

202 3585 286 3633 orus
307 3580 319 3650 Η
339 3584 415 3635 terro
433 3581 566 3635 archadio
588 3587 610 3633 V
633 3580 646 3650 Η
672 3579 788 3647 regione
812 3585 834 3631 V
858 3578 871 3649 Η
897 3580 931 3633 11
949 3594 1046 3633 nemee
1065 3582 1115 3630 SV
1137 3576 1151 3646 Η
1178 3577 1313 3647 spelunea

205 3671 228 3719 V
253 3666 267 3737 Η
294 3683 366 3737 queo
385 3670 478 3719 addidi
498 3684 533 3718 ee
550 3668 631 3718 schot.
650 3669 738 3717 Booti.
765 3664 778 3733 Η
803 3660 1001 3733 ιιιὶΙιᾶῐιιιοιι8
1027 3662 1040 3733 Η
1065 3662 1233 3731 miehdimou
1256 3667 1279 3714 V
1297 3662 1310 3734 Η

201 3755 235 3808 12
252 3753 377 3824 Aphriso
397 3756 418 3804 V
437 3750 450 3823 Η
470 3752 623 3821 Amphriso
638 3754 734 3818 Hyperi.
748 3751 805 3817 fob.
817 3757 854 3801 3⁰
873 3747 886 3818 Η
907 3747 1004 3803 dieunt
1015 3748 1132 3803 fuerits
1152 3748 1165 3819 Η
1187 3753 1216 3803 et
1233 3749 1312 3803 iussu

202 3840 316 3894 Iunonis
330 3843 417 3892 deleri
436 3837 451 3910 Η
472 3840 618 3909 iussurus
638 3835 652 3906 Η
673 3837 707 3892 13
726 3836 847 3889 exioium
864 3840 887 3888 V
905 3835 918 3907 Η
939 3835 1124 3906 dymissums
1144 3833 1158 3905 Η
1179 3833 1313 3888 euristhei

201 3963 222 4011 s
242 3960 255 4026 Η
276 3960 392 4014 eurisroi
415 3964 437 4012 ν
455 3957 468 4030 Η
490 3959 527 4015 14
541 3934 670 4011 moriers
688 3960 711 4010 s
730 3956 746 4028 Η
764 3956 893 4012 molosso
911 3963 934 4011 r
952 3957 965 4029 Η
983 3957 1122 4029 perusus
1140 3960 1163 4007 r
1181 3954 1194 4025 Η
1215 3956 1249 4011 ro
1267 3969 1312 4020 ss-

203 4048 268 4099 euto
286 4050 307 4099 8
328 4045 342 4117 Η
362 4047 390 4100 in
409 4064 458 4100 om.
478 4050 499 4098 V
517 4043 532 4115 Η
552 4046 586 4099 17
605 4044 684 4114 oepit
700 4048 765 4097 trem
783 4055 880 4111 postea
898 4050 947 4098 SV
965 4044 980 4115 Η

237 4185 270 4240 18
289 4190 387 4254 q¹²⁰ii⁰
408 4188 432 4240 θ
452 4184 465 4257 Η
487 4183 644 4241 GANGER
665 4185 729 4236 (ἔθ’
750 4187 891 4251 imupo‘uem
905 4187 1005 4237 odiloni
1022 4185 1126 4236 &6⁶6⁶
1146 4182 1160 4254 Η
1182 4186 1218 4239 22
1236 4174 1350 4253 peri-G

203 4270 290 4322 misse
311 4273 334 4324 G
354 4270 367 4342 Η
1094 4335 1096 4340 μ

1077 4358 1095 4411 9
1107 4356 1125 4390 rr
