3252 5204
653 496 697 510 ...
739 447 870 527 η’...

209 630 371 721 pioneque
394 632 595 716 scorpionem
622 631 724 697 solnm
752 632 894 716 potuisse
922 631 1000 711 diei,
1029 638 1136 698 tamen
1164 634 1225 699 hoo
1252 654 1319 698 non

211 747 459 816 condonandum
481 747 541 814 erit
561 755 678 833 poetae
700 749 916 815 astronomiae
936 751 1145 835 peritissimo,
1174 752 1228 834 qui
1249 752 1316 816 ubi-

211 887 273 948 que
294 866 555 933 dodeeatemoria
576 868 753 961 scorpionis
775 873 807 932 et
827 867 928 933 librae
951 867 1121 952 diligenter
1136 869 1317 936 distinxerit

211 989 243 1048 et
264 984 374 1067 paullo
397 991 472 1048 ante
494 1006 524 1049 u.
540 991 602 1054 548
618 1004 667 1066 sq.
689 984 759 1050 sius
780 983 828 1050 rei
849 984 1035 1050 meminerit.
1069 988 1176 1070 itaque
1199 986 1276 1069 quin
1297 1006 1318 1051 a

211 1100 310 1169 soiolo
339 1100 567 1185 interpolatore
593 1101 724 1186 profesti
752 1102 815 1166 sint
841 1101 874 1165 hi
900 1120 1031 1188 uersus,
1062 1103 1169 1170 nullus
1195 1104 1315 1170 dubito.

210 1220 260 1283 his
281 1219 379 1301 igitur
401 1218 526 1284 duobus
546 1220 625 1284 loois
648 1220 794 1284 homines
815 1221 899 1285 male
915 1219 1020 1285 seduli
1038 1219 1254 1306 archetypum,
1277 1242 1318 1287 ex

211 1357 273 1418 quo
289 1336 557 1421 praestantissimi
572 1338 671 1403 nostri
687 1336 813 1403 oodioes
828 1337 979 1421 descripti
995 1343 1078 1421 sunt,
1102 1343 1317 1422 corruperunt.

210 1454 324 1521 ceteris
346 1461 453 1520 autem
476 1457 637 1537 omnibus,
665 1457 781 1539 quibus
803 1454 908 1521 referti
931 1461 1005 1519 sunt
1026 1454 1144 1538 reliqui
1164 1455 1248 1536 libri,
1270 1456 1316 1520 in·

208 1571 472 1657 terpolationibus
493 1574 650 1639 immunes
673 1580 858 1639 manserunt
878 1572 1074 1639 Basileonsis
1092 1579 1124 1639 et
1137 1572 1316 1638 Parisinus.

293 1690 362 1755 Neo
383 1690 487 1755 minus
509 1696 629 1756 temere
651 1698 786 1775 egerunt
807 1693 851 1769 ei,
879 1690 934 1772 qui
955 1691 1010 1755 ubi
1033 1690 1243 1757 Germanious
1266 1691 1314 1757 eis

209 1806 396 1875 satisfacere
417 1828 481 1872 non
500 1807 667 1873 uidebatur
681 1808 734 1872 nel
750 1806 794 1872 ad
808 1809 966 1873 Auienum
989 1807 1202 1892 oonfugerunt
1224 1815 1256 1874 et
1276 1829 1316 1874 ex

209 1924 277 1991 eius
299 1926 533 1991 Phaenomenis
556 1931 588 1990 et
602 1924 818 2010 Prognostiois
841 1927 1064 2008 quodcumque
1087 1927 1236 2008 placebat
1257 1946 1316 1991 suo

208 2050 324 2128 poetae
339 2044 542 2109 uindicarunt
556 2063 670 2126 neque,
693 2049 726 2107 ut
741 2062 793 2108 res
809 2042 941 2123 ferebat,
962 2044 1229 2111 oontaminatione
1244 2044 1318 2109 abs·

208 2164 375 2245 tinuerunt
395 2163 448 2228 uel
476 2168 585 2246 spreto
611 2160 735 2227 Auieno
762 2162 908 2246 pluribus
934 2164 1014 2230 loeis
1046 2182 1161 2229 uersus
1188 2161 1228 2225 de
1257 2178 1316 2225 suo

209 2281 410 2346 addiderunt.
449 2279 510 2345 hoo
540 2286 590 2345 est
610 2281 753 2346 alterum
781 2280 1062 2365 interpolationum
1083 2299 1201 2363 genus,
1229 2277 1316 2361 qnod

208 2405 449 2484 repraesentant
470 2396 626 2463 Susianos
648 2399 701 2464 uel
717 2398 883 2464 Leidensis
905 2398 1078 2464 Beruensis
1092 2397 1316 2463 Einsidlensis.

208 2523 303 2587 habet
323 2518 407 2584 enim
422 2518 577 2583 Susianus
594 2522 675 2582 teste
693 2516 803 2580 Grotio
820 2517 1059 2598 quatuordeeim
1073 2534 1186 2581 uersus
1200 2512 1318 2578 Auieni

209 2646 268 2709 371
286 2643 349 2706 372
364 2642 427 2705 376
442 2641 505 2704 377
522 2640 585 2703 378
600 2641 664 2703 383
683 2638 747 2703 384
767 2639 827 2702 388
847 2639 911 2701 389
930 2640 994 2702 390
1014 2639 1075 2701 749
1097 2636 1158 2701 747
1175 2636 1236 2700 748
1254 2636 1317 2700 750

165 2830 169 2837 ,
210 2757 262 2844 [of.
286 2734 393 2820 adnot.
414 2751 457 2818 ad
478 2753 628 2817 German.
651 2771 681 2815 u.
701 2755 761 2819 146
777 2756 808 2816 et
823 2749 915 2837 342],
944 2750 1065 2815 habent
1086 2747 1262 2814 Bernensis
1285 2751 1318 2812 et

208 2870 422 2939 Einsidlensis
445 2868 671 2952 quadragenos
694 2872 875 2949 quaternos,
898 2872 973 2941 nam
995 2872 1121 2953 praeter
1142 2865 1217 2932 illos
1239 2886 1316 2948 qua

209 2979 385 3056 tuordeoini
400 3006 514 3054 uersus
529 2986 667 3052 Susiano
690 2984 834 3054 adiectos
856 2987 1013 3069 praebent
1028 3005 1067 3050 ex
1082 2985 1196 3050 Auieni
1213 2984 1317 3050 Phae·

209 3107 354 3174 nomenis
376 3126 489 3172 uersus
510 3111 573 3175 373
590 3110 623 3170 et
636 3111 699 3174 374
724 3104 779 3191 [of.
802 3105 913 3171 adnot.
936 3103 981 3169 ad
1003 3101 1154 3169 German.
1176 3124 1208 3166 u.
1226 3102 1315 3189 146],

207 3248 248 3295 ex
266 3227 483 3311 Prognostieis
504 3244 618 3291 uersus
632 3229 802 3294 415-—436
824 3228 888 3291 443
911 3227 975 3291 444
996 3227 1058 3290 447
1081 3226 1145 3290 544
1167 3226 1229 3291 551
1252 3225 1316 3290 552

210 3351 260 3437 [ot.
278 3348 385 3415 adnot.
409 3347 454 3414 ad
474 3347 589 3431 fragm.
611 3344 627 3407 Ι
648 3343 713 3431 55].
741 3343 804 3407 iam
828 3362 867 3408 ex
890 3340 1072 3407 Germanioi
1094 3358 1191 3405 uersu
1209 3345 1269 3408 148
1285 3346 1317 3403 et

208 3474 271 3538 370
293 3465 409 3531 Auieni
431 3464 667 3530 oontaminatus
689 3467 738 3527 est
758 3459 811 3525 hie
1082 3454 1088 3461 ⁴

337 3599 371 3650 ot
392 3585 493 3669 sopiti
511 3584 660 3647 rabaam
678 3581 801 3665 pomini
815 3579 998 3664 prolemque
1020 3579 1159 3642 rooaorts

209 3726 303 3791 quem
325 3707 455 3768 seruant
475 3700 523 3763 1111
544 3705 610 3763 tres
631 3695 759 3761 codices
789 3695 840 3781 [of.
863 3695 971 3760 adnot.
992 3694 1034 3760 ad
1054 3693 1160 3760 Germ.
1183 3692 1315 3778 01467.

208 3824 287 3910 ipsis
309 3826 416 3886 autem
437 3813 726 3901 interpolatoribus,
748 3811 783 3876 id
806 3811 979 3894 quodiam
1002 3813 1060 3878 alii
1083 3813 1240 3889 uiderunt,
1261 3809 1317 3874 de·

207 3946 301 4010 betur
322 3955 437 4004 uersus

337 4080 395 4122 oro
407 4053 579 4142 frementis
597 4053 709 4119 obberto
732 4067 766 4119 ta
786 4054 907 4139 respiro
918 4052 1010 4138 forte
1031 4053 1136 4117 uiator

209 4179 264 4262 qui
284 4158 360 4261 post
373 4171 489 4239 Anioni
510 4189 640 4237 uersum
655 4175 721 4241 390
740 4170 858 4253 legitur
879 4169 913 4234 in
934 4189 997 4257 uno
1022 4168 1131 4234 eodioe
1146 4162 1315 4240 Bernensi3

208 4296 351 4381 ipsorum
373 4290 485 4377 pingui
506 4289 671 4357 Mineruae
693 4288 849 4356 debentur
870 4305 985 4355 uersus
1006 4285 1100 4352 huius
1121 4288 1219 4350 notae
1298 4382 1305 4389 ·
