3252 5204
798 553 1046 597 ..xm-

712 787 820 859 integer
838 727 936 859 noqud
947 787 1130 859 interpolatus

542 878 547 889 I
580 988 582 991 .
626 896 664 992 (a¹
1179 924 1217 990 ω’

390 1013 501 1069 mutilus
521 1018 550 1069 et
568 1013 675 1069 dnobus
694 1011 764 1067 loeis
783 1011 867 1066 inter·
943 1012 1054 1067 mutilus
1072 1015 1102 1065 et
1138 1010 1243 1068 loribus
1261 1013 1332 1068 loeis
1350 1012 1468 1138 Illorum-

572 1085 683 1156 polatns
770 1141 773 1149 ,
987 1098 1040 1152 qno
1059 1098 1094 1135 ex
1140 1082 1222 1138 uieno
1240 1084 1348 1155 intorpo
1360 1088 1422 1138 atus

392 1158 1435 1312 Ww's

759 1361 785 1429 ³
891 1359 917 1529 l

913 1521 1123 1614 VV⁰V⁶(=e)

455 1659 506 1725 Ad
534 1657 717 1744 primarium
744 1655 840 1741 igitur
865 1655 986 1723 fontem
1013 1653 1163 1720 oarminis
1184 1654 1246 1741 (a)
1274 1657 1470 1726 adscendere

374 1777 552 1862 nequimus,
574 1775 638 1841 iem
653 1775 783 1842 mutilus
796 1782 894 1858 atque
908 1774 1117 1858 interpolatus
1139 1780 1186 1840 est
1206 1780 1340 1859 uterque
1360 1777 1470 1844 arohe-

373 1903 468 1983 lypos
490 1894 615 1982 (am’),
643 1915 683 1959 ex
705 1913 768 1979 quo
797 1893 940 1978 pendent
964 1892 1205 1976 antiquissimae
1227 1894 1310 1961 duae
1332 1895 1470 1963 familiae
1491 1956 1498 1977 ,

372 2014 567 2081 Basileensis
595 2020 626 2078 et
646 2012 834 2092 Bernensis3
862 2030 902 2078 ex
928 2010 1103 2097 archetypo
1125 2011 1302 2080 Basileensi
1327 2013 1469 2082 familiae

371 2132 461 2199 affini
484 2133 549 2218 (1⁶³)
570 2131 732 2217 profectus
751 2138 800 2198 est
813 2132 1024 2217 Strouzianus,
1047 2150 1087 2197 ex
1108 2128 1220 2197 eodem
1241 2131 1373 2216 proleeti
1395 2137 1469 2198 sunt
1601 2192 1602 2235 ἒ

371 2252 467 2319 ceteri
488 2250 734 2335 interpolatione
756 2251 920 2333 gliscente.

455 2368 545 2448 Quae
567 2389 638 2441 oum
661 2369 706 2434 ita
727 2368 799 2451 sint,
820 2369 855 2434 in
876 2368 987 2455 primis
1007 2369 1190 2451 sequendos
1212 2386 1282 2434 esse
1302 2368 1412 2435 oensui
1432 2368 1468 2434 li-

370 2489 446 2554 bros
467 2488 685 2556 Basileensom
708 2494 739 2555 el
760 2488 947 2555 Parisinum.
982 2493 1017 2554 at
1035 2507 1110 2557 oum
1132 2486 1179 2552 illi
1199 2485 1301 2552 mutili
1322 2492 1379 2552 aut
1400 2507 1468 2552 eor·

368 2608 454 2693 rupti
474 2613 574 2689 erant,
597 2612 752 2693 grauatus
773 2606 906 2674 seeundi
925 2607 1047 2674 ordinis
1067 2605 1166 2674 libros
1187 2604 1262 2672 adii
1296 2626 1335 2671 ex
1356 2606 1469 2674 tertiae

370 2732 476 2792 autem
498 2725 612 2793 elassis
633 2727 796 2793 oodieibus
818 2727 873 2791 uni
895 2727 1078 2793 Strozziano
1104 2731 1135 2790 et
1162 2742 1226 2791 uno
1249 2724 1377 2808 quidem
1398 2726 1468 2792 looo

371 2842 420 2930 [fr.
437 2843 551 2931 11157]
575 2844 671 2910 fidem
692 2844 874 2912 habendam
896 2865 968 2921 esso
990 2843 1181 2911 existimaui.

453 2962 584 3031 Seholia
610 2964 751 3050 genuina
777 2970 872 3049 atquo
899 2965 1025 3051 integro
1054 2964 1254 3031 eontinentur
1281 2963 1372 3031 libris
1398 2965 1467 3049 ΑΡ,

367 3082 402 3147 in
430 3083 563 3150 alteram
590 3083 689 3168 priori
716 3105 780 3151 non
807 3104 939 3168 prorsus
965 3082 1152 3149 dissimilem
1181 3081 1315 3149 formam
1341 3084 1469 3153 redsola

368 3201 489 3268 habent
510 3203 536 3270 S
556 3210 589 3270 et
616 3206 651 3282 V,
678 3201 802 3271 sedita
823 3209 859 3269 ut
888 3203 1000 3271 Viam
1024 3202 1122 3268 multo
1145 3202 1237 3286 plura
1258 3203 1469 3290 eorruptlonis

369 3322 505 3407 uestigia
525 3324 677 3408 praebeat
698 3344 796 3407 quam
814 3323 840 3391 S
861 3320 914 3409 [of.
936 3341 1042 3407 progr.
1064 3322 1163 3388 sohol.
1178 3321 1316 3389 Posnan.
1338 3343 1368 3389 a.
1387 3328 1468 3395 1865

370 3442 534 3530 pnasqq
557 3442 704 3528 pleniora
724 3442 854 3528 quidem
876 3447 949 3508 sunt
969 3441 1050 3507 haee
1072 3441 1196 3508 soholio
1209 3441 1395 3509 Stronniana
1409 3444 1469 3511 Ba

369 3559 576 3642 siloensibus,
605 3562 663 3629 sod
688 3582 730 3629 ea
749 3582 825 3649 pars
848 3581 913 3644 qua
935 3563 999 3627 ΑΡ
1019 3567 1129 3628 carent
1149 3582 1191 3628 ex
1213 3559 1313 3628 uariis
1335 3559 1469 3627 auotori-

369 3680 429 3748 bus
446 3682 575 3769 Hygino
588 3681 691 3750 Plinio
704 3681 884 3749 Censorino
899 3683 1056 3748 Maniam
1078 3680 1203 3749 Isidoro
1226 3686 1391 3766 oompaota
1412 3684 1469 3747 eet.

370 3820 444 3866 nam
466 3801 590 3867 etiamsi
610 3801 871 3869 Roiffersolneidio
895 3802 1039 3889 (Sueton.
1061 3803 1150 3884 reliq.
1170 3822 1202 3884 p.
1214 3806 1279 3870 440
1290 3801 1374 3886 sqq.)
1395 3819 1470 3867 oon·

370 3920 547 3988 sedendum
569 3919 620 4006 sir,
642 3919 765 4004 aliquot
786 3921 979 3988 soholiornm
1002 3920 1137 3987 frustula
1158 3939 1198 3984 ex
1220 3918 1371 3985 Suetonio
1392 3916 1470 4001 hau-

367 4039 423 4104 riri
444 4039 595 4125 potuisse,
618 4043 726 4105 tamen
744 4039 799 4107 uix
814 4040 944 4124 probari
957 4039 1075 4126 poterit
1090 4058 1129 4104 ea
1144 4038 1260 4118 omnia,
1283 4044 1365 4122 quae
1380 4036 1471 4103 solio-

366 4157 422 4223 liis
444 4162 476 4224 et
496 4156 620 4225 lsidoro
643 4157 707 4221 sint
728 4158 917 4236 eommunia,
940 4157 1109 4224 referenda
1124 4177 1197 4224 esse
1215 4155 1259 4221 ad
1273 4155 1469 4221 Suetonium.
1596 4164 1597 4169 ’

368 4277 433 4343 iam
461 4282 512 4342 est
539 4275 664 4341 tertium
691 4295 793 4358 genus
822 4275 1014 4342 soholiorum
1042 4275 1129 4359 quod
1156 4297 1177 4340 a
1201 4273 1344 4361 genuina
1368 4271 1471 4341 souma

368 4394 452 4462 adeo
471 4394 634 4475 nhhomet,
657 4401 693 4462 ut
711 4395 883 4482 singularis
905 4396 979 4465 libri
999 4394 1141 4483 speeiem
1159 4412 1239 4481 prae
1255 4412 1292 4462 se
1310 4391 1403 4463 fora·
1429 4411 1470 4463 ea
