3202 5200
756 474 990 539 -216-

283 647 406 725 Suias3
422 654 510 714 ,cuin
534 642 708 708 oeeidentie
730 648 786 706 aut
808 641 939 707 orientis
962 642 1044 707 radii
1066 641 1215 708 uidentur
1237 645 1339 724 coire,
1363 645 1434 729 plu'-

322 756 402 820 uias.
426 754 456 819 ei
477 755 561 819 circa
576 751 772 817 occidentem
788 751 962 817 rubeseunt
985 753 1095 831 nubes,
1119 753 1323 820 serenitatem
1338 754 1435 820 futrrri

324 864 386 928 diei
402 862 569 947 spondent.
593 859 620 924 ei
636 859 668 923 in
684 865 795 926 exortu
811 867 1003 945 spargentur
1015 860 1095 925 radii
1111 862 1225 946 partim
1240 864 1283 928 ad
1295 869 1435 928 austrum

323 968 437 1057 partini
468 970 512 1037 ad
539 968 739 1052 aquilonem,
776 988 857 1051 pura
884 970 970 1035 eirea
997 989 1068 1035 eurn
1096 973 1254 1038 serenitas
1283 973 1324 1038 sit
1351 973 1435 1056 licet,

299 1082 468 1167 epluuiam
495 1086 602 1145 tamen
631 1083 809 1160 uentosque
837 1078 1078 1163 significabunt;
1112 1080 1200 1145 siin
1227 1088 1298 1146 ortu
1326 1088 1382 1147 aut
1402 1083 1436 1147 in

326 1212 442 1258 occasu
466 1187 619 1255 contracti
642 1193 812 1252 cernuntur
833 1187 925 1263 radii,
947 1187 1090 1253 imbrem.
1124 1190 1151 1253 si
1172 1190 1205 1253 in
1228 1210 1344 1256 occasu
1367 1193 1437 1257 eius

325 1302 414 1385 pluet
436 1305 492 1365 aut
514 1297 595 1362 radii
617 1297 735 1362 nubem
757 1297 791 1361 in
814 1315 850 1362 se
872 1295 1011 1375 trahent,
1034 1316 1181 1381 asperam
1203 1298 1236 1363 in
1258 1301 1437 1382 proximum

327 1410 414 1475 diem
436 1412 654 1491 tempestatem
678 1405 912 1490 significabunt.
936 1427 1008 1472 cum
1031 1406 1152 1473 oriente
1173 1406 1255 1472 radii
1279 1428 1345 1474 non
1367 1409 1438 1474 illu-

328 1524 409 1583 stres
433 1515 630 1592 eminebant,
655 1515 800 1598 quamuis
823 1515 1038 1581 circumdatae
1059 1515 1161 1581 nubes
1183 1535 1248 1581 non
1269 1519 1344 1603 sint,
1367 1520 1440 1603 plu-

290 1658 315 1695 ro
326 1628 413 1692 uiam
428 1626 628 1709 portendent.
651 1625 678 1690 si
694 1630 768 1689 ante
784 1630 928 1689 exortum
946 1626 1049 1691 nubes
1063 1625 1287 1709 globabuntur,
1302 1627 1440 1693 hiemem

327 1755 476 1821 asperam
500 1733 746 1811 denuntiabunt;
771 1734 798 1797 si
821 1734 862 1798 ab
886 1738 956 1799 ortu
978 1735 1173 1818 repellentur
1188 1741 1219 1802 et
1233 1735 1276 1800 ad
1290 1755 1439 1803 oceasum

327 1845 469 1923 abibunt,
493 1844 706 1910 serenitatem.
731 1842 758 1908 si
780 1843 884 1908 nubes
906 1844 1007 1908 solem
1030 1844 1295 1924 circumcludent,
1319 1854 1440 1929 quanto

328 1953 434 2018 minus
456 1954 585 2018 luminis
608 1951 801 2035 relinquent,
825 1959 912 2017 tanto
934 1954 1091 2018 turbidior
1113 1961 1287 2039 tempestas
1309 1956 1382 2033 crit,
1411 1955 1441 2019 si

329 2084 406 2128 uero
430 2064 524 2128 etiam
548 2061 666 2144 duplex
689 2061 784 2125 fuerit
806 2062 902 2139 orbis,
925 2082 964 2127 eo
987 2063 1133 2128 atrocior.
1171 2064 1257 2147 quod
1280 2064 1307 2129 si
1329 2064 1363 2128 in
1384 2083 1441 2129 en-

293 2203 316 2238 n
330 2179 401 2237 ortu
415 2178 470 2236 aut
484 2171 519 2235 in
534 2189 649 2235 occasu
664 2169 720 2235 fiet
734 2169 781 2236 ita
796 2176 831 2235 ut
852 2173 1021 2237 rubescant
1044 2172 1155 2249 nubes,
1179 2172 1318 2237 maxima
1333 2179 1441 2239 osten-

330 2282 423 2348 detur
442 2284 626 2364 tempestas.
650 2279 678 2344 si
700 2300 763 2345 non
780 2281 946 2347 ambibunt
961 2282 1018 2348 sed
1040 2281 1232 2366 incumbent,
1255 2302 1442 2364 aquoeum-

329 2411 392 2474 que
407 2395 504 2455 uento
520 2388 646 2472 luerint,
672 2408 743 2454 eum
761 2391 961 2475 portenderit.
986 2393 1013 2457 si
1029 2390 1177 2457 exoriens
1193 2391 1337 2476 cingetur
1352 2391 1441 2469 orbe,

330 2522 370 2565 err
393 2520 457 2582 qua
478 2503 569 2583 parte
592 2498 620 2562 is
643 2517 678 2563 se
702 2499 834 2582 ruperit,
859 2506 1046 2585 expectetur
1068 2507 1192 2565 uentus.
1227 2502 1254 2565 si
1277 2482 1361 2565 totus
1383 2499 1443 2565 de-

329 2609 456 2677 fluxerit
478 2606 664 2690 aequaliter,
688 2609 892 2675 serenitatem
916 2609 1015 2675 dabit.
1039 2611 1120 2676 siin
1144 2617 1256 2676 exortu
1272 2612 1367 2691 longe
1389 2631 1444 2674 ra-

291 2720 400 2784 nodios
422 2738 481 2801 per
503 2717 606 2782 nubes
627 2718 770 2802 porriget
792 2727 823 2784 et
845 2720 969 2787 medius
993 2723 1052 2786 erit
1073 2722 1187 2800 inanis,
1210 2721 1354 2808 pluuium
1376 2720 1443 2804 sig-

329 2827 478 2893 nificabit.
501 2826 530 2892 si
546 2832 620 2891 ante
643 2832 745 2892 ortum
767 2830 847 2895 radii
870 2850 905 2896 ee
929 2832 1107 2910 ostendunt,
1130 2852 1248 2915 aquam
1264 2838 1296 2897 et
1310 2839 1444 2898 uentum

329 2938 519 3020 significant.

290 3214 311 3263 s
366 3204 381 3255 1
401 3201 495 3255 ehoire
517 3199 530 3271 Η
550 3203 566 3254 2
585 3202 920 3270 sternumentum
941 3208 954 3277 Η
973 3210 990 3263 3
1008 3211 1187 3281 spepondent
1205 3212 1220 3283 Η
1239 3213 1312 3267 redii
1324 3235 1373 3268 eun
1384 3221 1445 3269 Pii-

330 3294 389 3341 niue
410 3287 423 3358 Η
444 3287 558 3354 9treetti
578 3286 591 3358 Η
613 3290 630 3343 6
649 3295 797 3344 cernentur
815 3296 918 3345 Plinius
938 3294 952 3365 Η
977 3295 1005 3348 in
1023 3296 1102 3351 breui
1122 3298 1146 3352 si
1171 3297 1184 3368 Η
1211 3301 1226 3354 i
1245 3301 1356 3357 trahent
1372 3319 1441 3374 spe-

328 3392 385 3428 rum
407 3372 421 3443 Η
440 3390 602 3444 proxumum
622 3378 723 3427 Plinius
744 3375 757 3446 Η
777 3380 794 3433 8
813 3395 874 3431 eum
894 3381 1010 3450 oriente]
1031 3388 1098 3440 Piiu.
1113 3390 1129 3438 i.
1143 3390 1160 3439 i.
1173 3396 1227 3440 344
1246 3385 1259 3457 Η
1279 3389 1404 3444 illustros
1426 3391 1442 3463 Η

330 3463 365 3516 10
382 3464 497 3531 portent
517 3460 530 3529 Η
550 3460 741 3529 gloriabuntur
761 3466 774 3534 Η
796 3465 828 3519 11
849 3466 1052 3539 denirptiabunt
1072 3472 1086 3541 Η
1106 3473 1139 3527 13
1158 3472 1218 3526 erit.
1247 3476 1278 3529 si
1297 3483 1331 3531 no
1350 3479 1442 3531 ambi-

268 3580 272 3589 *
329 3566 399 3619 bunt
417 3565 469 3619 sed
493 3565 632 3620 incubent.
661 3583 678 3619 e
701 3547 780 3640 deniq,
797 3574 882 3624 uento
907 3571 1009 3626 fuerint
1032 3590 1093 3627 eum
1117 3577 1294 3645 portendunt.
1324 3582 1392 3652 Qsi
1410 3584 1443 3636 in

331 3658 429 3706 exortu
447 3658 496 3706 aut
515 3654 542 3706 in
562 3668 664 3708 occasu
683 3654 731 3709 fiet
750 3657 790 3710 ita
808 3663 839 3712 ut
861 3659 1014 3714 rubescant
1031 3661 1119 3715 nubee
1138 3664 1258 3718 maxima
1276 3666 1441 3722 ostendere·

329 3743 374 3792 tur
391 3744 553 3810 tempestas.
575 3740 605 3794 si
624 3758 691 3796 uero
705 3744 790 3798 etiam
804 3745 906 3816 duplex
920 3762 954 3800 ea
965 3747 1049 3801 tuerit
1060 3748 1136 3803 orbis
1149 3753 1279 3807 atrocior.
1299 3757 1332 3820 εί.
1346 3772 1442 3821 propr.

331 3830 406 3878 Purn.
420 3847 446 3894 p.
458 3832 492 3879 22
511 3825 525 3896 Η
547 3827 582 3881 14
600 3828 721 3898 quodsi]
743 3836 812 3885 Ptin.
827 3838 844 3885 i.
858 3838 876 3887 i.
889 3842 943 3886 unu
964 3831 977 3903 Η
998 3835 1031 3889 17
1049 3838 1226 3905 portendent,
1246 3841 1302 3897 sia
1313 3841 1441 3909 meridie,

330 3916 360 3965 et
377 3913 490 3967 imbrem
510 3916 612 3967 Plinius
639 3914 652 3984 Η
678 3917 805 3985 cignetur
831 3916 843 3988 Η
869 3921 902 3975 18
921 3921 983 3990 ipse
1001 3924 1107 3992 ruperit
1127 3923 1140 3994 Η
1160 3927 1252 3997 aperit
1271 3932 1384 3996 Plinius,
1409 3942 1440 3982 ni

331 4000 437 4069 ruperit
455 4004 510 4052 rod.
532 4004 614 4053 Plinii
631 4004 668 4053 Ii²
685 4023 728 4070 up.
742 4009 831 4072 Siliip.
851 4004 863 4074 Η
885 4012 1066 4076 exspectetur
1083 4015 1185 4065 Plinius
1206 4013 1220 4082 Η
1239 4015 1264 4067 si
1283 4015 1312 4068 in
1330 4020 1443 4087 exortu]

329 4089 398 4137 Piin.
413 4090 527 4244 113401
546 4086 560 4155 Η
581 4088 617 4144 20
635 4089 805 4158 significauit
825 4096 838 4162 Η
858 4094 892 4147 21
906 4094 1057 4153 ostendent
1069 4103 1172 4153 Plinius
1191 4098 1205 4170 Η
1225 4104 1260 4159 22
1279 4103 1444 4173 significant

329 4191 377 4225 otu.
391 4176 493 4226 Plinius
513 4175 517 4243 Η
