3254 5202
611 478 841 583 -1cc-

169 685 261 751 astris
289 684 471 749 intulerunt.
507 682 636 765 quidam
664 688 773 748 autem
800 682 910 749 dicunt
938 704 1012 750 esse
1041 686 1193 751 Arionem
1215 688 1324 758 Med

168 796 386 880 thymnaeum.
417 797 449 858 et
476 813 548 857 cum
570 797 657 857 esset
679 799 748 857 arte
771 792 915 858 citharae
938 800 1069 878 potens,
1095 815 1150 859 rex
1173 795 1281 862 Oorin-

169 902 309 987 thorum,
338 905 518 987 thrantus
545 902 688 980 nomine,
720 921 793 967 eum
821 901 943 966 dilexit,
980 905 1035 985 qui
1063 924 1135 968 cum
1163 924 1183 967 a
1206 925 1282 989 rege

168 1011 321 1094 petiisset,
343 1017 379 1075 ut
402 1009 548 1075 ciuitates
570 1015 639 1073 arte
663 1030 722 1075 sua
743 1010 929 1095 illustraret,
955 1017 985 1075 et
1007 1033 1159 1096 magnum
1182 1017 1281 1096 patri-

168 1121 309 1184 monium
325 1121 528 1203 acquisisset,
554 1124 784 1185 consenserunt
798 1117 912 1183 famuli
929 1140 1000 1186 eum
1016 1123 1131 1200 nantis,
1155 1128 1189 1187 ut
1206 1144 1302 1188 eume

169 1229 390 1295 interficerent.
422 1249 517 1311 quem
539 1248 611 1292 cum
632 1228 754 1293 uellent
775 1228 968 1316 interficere,
991 1234 1072 1316 petit
1093 1232 1135 1296 ab
1159 1232 1221 1307 eis,
1244 1237 1280 1295 ut

170 1344 245 1404 ante
269 1338 465 1403 decantaret.
497 1357 569 1401 cum
592 1343 699 1402 autern
724 1337 867 1402 citharae
891 1359 988 1405 sonus
1012 1362 1084 1405 cum
1106 1354 1185 1403 uoce
1209 1341 1278 1404 eius

168 1446 350 1525 audiretur,
373 1446 515 1529 delphini
538 1446 623 1510 circa
646 1466 760 1510 nauem
783 1456 949 1514 uenerunt.
983 1451 1038 1514 ille
1061 1469 1158 1534 super
1179 1470 1278 1512 unum

168 1576 208 1620 ex
223 1557 273 1620 his
290 1576 323 1620 se
339 1555 574 1639 praecipitauit,
598 1556 653 1637 qni
668 1575 740 1620 eum
756 1558 918 1621 sublatum
935 1559 1087 1625 Corintho
1103 1558 1147 1624 ad
1168 1577 1279 1640 regern

166 1665 344 1749 Pyrantum
366 1664 489 1729 detulit.
514 1664 683 1747 delphinus
707 1664 871 1730 subductis
892 1661 948 1749 per
964 1677 1089 1736 aestum
1106 1668 1199 1749 aquis
1223 1687 1278 1731 ex·
1292 1691 1316 1729 ιο

167 1775 328 1840 animatus
351 1780 408 1838 est.
433 1774 488 1855 qui
510 1795 582 1839 oum
604 1793 700 1838 casus
723 1754 798 1838 suos
821 1776 963 1860 Pyranto
986 1783 1162 1853 narrasset,
1186 1776 1280 1842 iussit

167 1902 225 1948 rex
254 1881 441 1966 delphinum
469 1883 598 1966 sepeliri
626 1888 657 1947 et
685 1883 715 1947 ei
742 1891 982 1951 monumentum
1009 1889 1088 1953 fieri.
1122 1893 1194 1971 post
1221 1885 1280 1950 ali·

168 1998 323 2073 quantum
338 1992 492 2076 temporis
508 1991 609 2068 nauis,
633 2011 697 2073 qua
713 1992 810 2056 Arion
827 2000 938 2060 uectus
955 1996 1070 2075 fuerat,
1095 1996 1279 2063 Corinthum

168 2101 275 2164 delata
304 2105 360 2165 est.
395 2121 475 2182 quos
504 2121 575 2165 cum
602 2101 721 2166 adduci
748 2101 791 2164 ad
820 2122 854 2167 se
882 2103 1074 2192 imperasset
1100 2128 1155 2172 rex
1184 2111 1216 2170 et
1238 2104 1279 2168 de

167 2212 285 2276 Arione
299 2210 483 2293 inquireret,
500 2211 649 2276 dixerunt
664 2229 736 2275 eum
753 2211 870 2276 obisse.
895 2215 1011 2296 quibus
1028 2215 1093 2295 ille,
1112 2213 1276 2294 ‘crastina
1291 2240 1315 2278 rs

166 2320 292 2402 inquid,
316 2321 370 2386 die
393 2321 435 2385 ad
459 2320 600 2403 delphini
623 2326 862 2384 monumentum
883 2321 1039 2390 iurabitis'
1065 2344 1185 2406 eosque
1208 2344 1276 2388 cus-

165 2431 261 2497 todiri
282 2428 458 2494 mandauit.
493 2434 591 2508 atque
613 2427 763 2491 Arionem
789 2430 835 2493 ita
856 2437 1025 2516 ornatum,
1055 2433 1214 2514 quomodo
1238 2452 1273 2496 se

165 2539 451 2624 praecipitauerat,
484 2537 518 2599 in
550 2541 755 2601 monumento
790 2535 934 2620 delphini
968 2541 1166 2606 delitescere.
1202 2561 1273 2605 eum

166 2658 273 2716 autem
294 2647 427 2712 adducti
449 2645 502 2733 [et]
526 2663 583 2728 per
599 2644 743 2729 delphini
765 2654 1004 2713 monumentum
1025 2650 1169 2714 iurarent
1184 2649 1274 2714 Ario-

200 2841 216 2894 1
236 2852 300 2891 esse
320 2855 368 2891 om.
387 2841 409 2887 V
432 2831 445 2903 Η
472 2833 604 2887 Orionem
621 2837 671 2887 SV
694 2832 707 2905 Η
732 2834 866 2888 Vrionem
886 2836 900 2886 t
920 2833 934 2905 Η
954 2835 1089 2890 Arionem
1108 2838 1274 2889 Schratcct.
1293 2837 1315 2885 S

166 2923 449 2994 cf.Hp9irr.sud.194
468 2939 543 2990 quem
561 2930 666 2972 serratus
686 2931 726 2974 eet
742 2923 888 2974 scholiasta
910 2920 923 2992 Η
943 2924 1142 2993 methymneus.
1161 2923 1200 2976 ut
1218 2925 1239 2973 S
1259 2920 1273 2993 Η

166 3013 363 3066 methimneum
381 3010 428 3079 qui
447 3013 469 3060 V
488 3006 502 3079 Η
522 3010 539 3062 2
559 3010 619 3061 arte
638 3027 687 3061 om.
706 3013 728 3061 V
747 3008 760 3079 Η
780 3012 881 3078 potens
896 3029 965 3063 corr.
979 3029 1014 3063 ea
1026 3014 1161 3080 pontesS
1182 3008 1195 3079 Η
1217 3026 1277 3064 cor-

166 3099 328 3153 rinthiorum
346 3103 367 3151 S
387 3096 401 3168 Η
427 3096 645 3150 chorinthiorum
669 3101 691 3149 V
715 3095 728 3166 Η
751 3098 769 3151 3
787 3099 920 3165 pyrantns
938 3102 960 3150 S
967 3102 988 3150 V
1013 3098 1026 3166 Η
1049 3096 1208 3165 Pyranthus
1228 3098 1242 3146 t
1262 3094 1276 3165 Η

166 3185 337 3241 Periandrus
352 3190 473 3252 lippinus
493 3182 507 3253 Η
526 3183 544 3238 4
561 3183 742 3253 impetrasset
762 3184 775 3233 t
797 3180 810 3253 Η
831 3183 974 3237 ciuitatem
992 3185 1027 3236 Vt
1049 3181 1062 3252 Η
1082 3186 1171 3251 Opust
1190 3184 1276 3237 inter-

165 3273 283 3326 ficerent
301 3276 378 3325 addit
399 3275 535 3339 lippinus:
561 3270 607 3323 cui
624 3270 730 3341 Apollo
750 3271 778 3324 in
798 3271 920 3340 quietem
939 3271 1017 3324 uenit
1038 3272 1119 3340 eique
1139 3270 1222 3335 dixit,
1246 3275 1277 3324 ut

167 3364 265 3414 ornatu
284 3376 334 3414 sno
355 3363 385 3413 et
404 3375 508 3413 corona
526 3358 692 3411 decantaret
710 3362 740 3411 et
759 3359 800 3412 eis
820 3374 851 3411 se
870 3357 1003 3423 traderet,
1023 3359 1117 3427 quirei
1134 3357 1277 3428 praesidio

165 3448 311 3501 uenissent
334 3445 348 3515 Η
373 3448 503 3516 leytere
527 3451 549 3499 V
573 3443 587 3516 Η
612 3446 739 3501 8nauim
763 3450 784 3498 V
809 3443 822 3514 Η
847 3444 1010 3514 9hiiss1ll
1031 3446 1067 3498 iis
1091 3451 1112 3498 V
1132 3444 1145 3515 Η
1166 3444 1276 3499 sublato
1342 3472 1345 3475 ·

165 3539 185 3583 S
207 3533 219 3604 Η
240 3534 386 3588 chorintho
406 3537 426 3585 S
446 3553 494 3588 om.
513 3538 535 3585 V
554 3529 568 3602 Η
588 3535 623 3588 10
640 3533 785 3586 Pirantnm
804 3537 824 3584 S
845 3533 858 3599 Η
878 3531 1050 3601 Pyranthum
1073 3534 1111 3583 Vt
1132 3530 1146 3600 Η
1166 3531 1276 3586 chorin-

164 3624 221 3675 tum
241 3619 342 3673 detnlit
358 3626 380 3673 V
399 3617 412 3689 Η
435 3623 524 3673 estam
544 3623 592 3670 SV
611 3616 624 3688 Η
644 3619 677 3671 11
698 3618 745 3687 qui
765 3635 826 3672 eum
846 3618 882 3671 ad
899 3623 1001 3671 terram
1021 3618 1136 3682 exisset,
1157 3616 1275 3686 cupidus

163 3709 235 3770 uiae,
256 3707 415 3776 delphinum
434 3707 463 3759 in
482 3722 557 3758 mare
576 3720 631 3756 non
650 3704 787 3773 propulit,
808 3706 855 3774 qui
874 3704 914 3757 ibi
934 3704 1107 3757 exanimatus
1128 3709 1173 3758 est
1191 3708 1276 3773 Hypi-

163 3813 213 3846 nus
238 3794 251 3863 Η
277 3782 451 3846 exanimatus
470 3811 539 3844 corr.
554 3810 588 3843 aa
607 3792 802 3843 exminatuss
827 3788 841 3860 Η
867 3807 933 3844 suos
954 3807 1038 3844 casus
1063 3798 1085 3844 V
1108 3789 1121 3862 Η
1146 3792 1275 3861 piranton

163 3885 184 3933 S
204 3880 219 3951 Η
237 3880 380 3950 Pyrantho
406 3885 427 3933 V
446 3878 458 3949 Η
480 3881 514 3934 12
531 3894 581 3932 rex
598 3878 757 3947 Pyranthus
781 3883 801 3929 V
822 3875 835 3947 Η
857 3878 992 3947 seppeliri
1011 3883 1031 3931 S
1052 3877 1065 3949 Η
1086 3880 1120 3933 13
1139 3877 1273 3932 deuectus

168 3973 191 4020 V
208 3966 222 4037 Η
242 3968 414 4021 cherinthum
437 3973 459 4019 V
477 3964 492 4038 Η
512 3966 635 4036 14‘3fquos
653 3969 674 4018 S
689 3968 809 4032 {typicus
829 3961 842 4034 Η
863 3967 963 4017 nantas
988 3966 1024 4016 Vt
1045 3963 1060 4035 Η
1080 3963 1166 4018 adse
1187 3985 1236 4018 oua
1254 3970 1276 4015 V

165 4053 178 4121 Η
202 4070 252 4107 rex
269 4055 439 4125 imperasset
461 4061 483 4108 V
506 4052 518 4126 Η
548 4054 581 4108 15
600 4052 704 4108 Orione
723 4056 773 4104 SV
796 4050 809 4122 Η
834 4051 977 4121 inquirens
998 4056 1018 4104 S
1043 4050 1056 4123 Η
1082 4053 1188 4109 obiisse
1213 4058 1236 4105 V
1259 4051 1271 4122 Η

165 4141 199 4193 16
217 4141 307 4209 inquit
330 4139 383 4210 Vll
409 4142 442 4194 17
462 4140 592 4194 Orionem
612 4158 681 4192 corr.
696 4158 731 4192 ea
750 4139 918 4194 OrienemS
945 4138 958 4212 Η
986 4139 1118 4194 Orionem
1142 4143 1163 4191 V
1183 4137 1197 4208 Η
1218 4154 1272 4208 quo

163 4230 208 4277 mc
226 4229 246 4276 S
266 4225 280 4296 Η
299 4227 374 4281 sicut
397 4230 419 4279 V
439 4225 453 4296 Η
479 4227 514 4281 18
533 4225 759 4282 delitheseeres
784 4226 798 4297 Η
825 4227 858 4282 19
871 4230 908 4281 et
926 4246 976 4280 om.
994 4233 1017 4278 V
1035 4230 1123 4279 deleat
1150 4224 1163 4296 Η
1191 4225 1272 4280 Orio-

162 4325 225 4366 nem
242 4315 263 4364 S
270 4316 291 4364 V
309 4311 323 4384 Η
345 4311 432 4367 Orion
451 4330 550 4383 quoque
569 4316 697 4382 scriptum
716 4323 795 4368 catut
814 4331 839 4366 u.
854 4321 885 4366 1³
898 4323 924 4366 et
937 4333 963 4383 p.
975 4321 1036 4381 1⁶⁵,
1048 4320 1071 4363 ³·
1084 4315 1113 4363 io
1131 4314 1180 4364 SV
1198 4309 1211 4381 Η
