<?xml version="1.0" encoding="UTF-8"?>
<!DOCTYPE html PUBLIC "-//W3C//DTD XHTML 1.0 Transitional//EN"
    "http://www.w3.org/TR/xhtml1/DTD/xhtml1-transitional.dtd">
<html xmlns="http://www.w3.org/1999/xhtml" xml:lang="en" lang="en">
 <head>
  <title>
</title>
<meta http-equiv="Content-Type" content="text/html;charset=utf-8" />
  <meta name='ocr-system' content='tesseract 3.04.00' />
  <meta name='ocr-capabilities' content='ocr_page ocr_carea ocr_par ocr_line ocrx_word'/>
</head>
<body>
  <div class='ocr_page' id='page_1' title='image "./germanicicaesar01breygoog_0017.png"; bbox 0 0 3252 5204; ppageno 0'>
   <div class='ocr_carea' id='block_1_1' title="bbox 770 536 986 581">
    <p class='ocr_par' dir='ltr' id='par_1_1' title="bbox 770 536 986 581">
     <span class='ocr_line' id='line_1_1' title="bbox 770 536 986 581; baseline 0.009 -16"><span class='ocrx_word' id='word_1_1' title='bbox 770 536 986 581; x_wconf 67' lang='lat'>..111-</span> 
     </span>
    </p>
   </div>
   <div class='ocr_carea' id='block_1_2' title="bbox 198 684 1430 1015">
    <p class='ocr_par' dir='ltr' id='par_1_2' title="bbox 198 684 1430 1015">
     <span class='ocr_line' id='line_1_2' title="bbox 198 684 1428 772; baseline 0.002 -21"><span class='ocrx_word' id='word_1_2' title='bbox 198 698 200 703; x_wconf 83' lang='lat'>&#39;</span> <span class='ocrx_word' id='word_1_3' title='bbox 320 686 533 771; x_wconf 81' lang='lat' dir='ltr'>Prognostica</span> <span class='ocrx_word' id='word_1_4' title='bbox 545 687 765 772; x_wconf 85' lang='lat' dir='ltr'>migrauimus,</span> <span class='ocrx_word' id='word_1_5' title='bbox 787 708 853 755; x_wconf 91' lang='lat' dir='ltr'>non</span> <span class='ocrx_word' id='word_1_6' title='bbox 869 684 1026 769; x_wconf 89' lang='lat' dir='ltr'>estquod,</span> <span class='ocrx_word' id='word_1_7' title='bbox 1044 684 1098 767; x_wconf 92' lang='lat' dir='ltr'>qui</span> <span class='ocrx_word' id='word_1_8' title='bbox 1113 690 1244 750; x_wconf 83' lang='lat' dir='ltr'>auctore</span> <span class='ocrx_word' id='word_1_9' title='bbox 1259 687 1428 768; x_wconf 79' lang='lat' dir='ltr'>Rutgersio</span> 
     </span>
     <span class='ocr_line' id='line_1_3' title="bbox 321 802 1430 889; baseline 0.002 -21"><span class='ocrx_word' id='word_1_10' title='bbox 321 803 396 870; x_wconf 85' lang='lat' dir='ltr'>Ver.</span> <span class='ocrx_word' id='word_1_11' title='bbox 412 807 499 872; x_wconf 90' lang='lat' dir='ltr'>Lect.</span> <span class='ocrx_word' id='word_1_12' title='bbox 510 804 548 868; x_wconf 87' lang='grc' dir='ltr'>·Π</span> <span class='ocrx_word' id='word_1_13' title='bbox 563 810 583 874; x_wconf 89' lang='grc'><strong>9</strong></span> <span class='ocrx_word' id='word_1_14' title='bbox 598 827 629 889; x_wconf 87' lang='lat' dir='ltr'>p.</span> <span class='ocrx_word' id='word_1_15' title='bbox 645 809 705 872; x_wconf 76' lang='lat'>122</span> <span class='ocrx_word' id='word_1_16' title='bbox 716 825 763 889; x_wconf 91' lang='lat' dir='ltr'>sq.</span> <span class='ocrx_word' id='word_1_17' title='bbox 798 805 1028 887; x_wconf 86' lang='lat' dir='ltr'>Phaenomena</span> <span class='ocrx_word' id='word_1_18' title='bbox 1050 822 1070 867; x_wconf 88' lang='lat' dir='ltr'>a</span> <span class='ocrx_word' id='word_1_19' title='bbox 1090 802 1283 881; x_wconf 80' lang='lat' dir='ltr'>Germanico</span> <span class='ocrx_word' id='word_1_20' title='bbox 1306 804 1430 870; x_wconf 75' lang='lat' dir='ltr'>abiudi—</span> 
     </span>
     <span class='ocr_line' id='line_1_4' title="bbox 321 918 1429 1015; baseline -0.001 -26"><span class='ocrx_word' id='word_1_21' title='bbox 321 943 394 989; x_wconf 88' lang='lat' dir='ltr'>care</span> <span class='ocrx_word' id='word_1_22' title='bbox 416 930 579 1003; x_wconf 87' lang='lat' dir='ltr'>conantur,</span> <span class='ocrx_word' id='word_1_23' title='bbox 602 944 716 990; x_wconf 89' lang='lat' dir='ltr'>uersus</span> <span class='ocrx_word' id='word_1_24' title='bbox 736 928 917 994; x_wconf 78' lang='lat'>558-560</span> <span class='ocrx_word' id='word_1_25' title='bbox 939 921 1034 1005; x_wconf 82' lang='lat' dir='ltr'>quasi</span> <span class='ocrx_word' id='word_1_26' title='bbox 1054 918 1153 1015; x_wconf 90' lang='lat' dir='ltr'>telum</span> <span class='ocrx_word' id='word_1_27' title='bbox 1174 921 1336 1004; x_wconf 84' lang='lat' dir='ltr'><strong>quoddam</strong></span> <span class='ocrx_word' id='word_1_28' title='bbox 1357 944 1429 1006; x_wconf 92' lang='lat' dir='ltr'>pro-</span> 
     </span>
    </p>
   </div>
   <div class='ocr_carea' id='block_1_3' title="bbox 317 1034 1535 1362">
    <p class='ocr_par' dir='ltr' id='par_1_3' title="bbox 317 1034 1535 1362">
     <span class='ocr_line' id='line_1_5' title="bbox 317 1034 1489 1147; baseline 0.004 -42"><span class='ocrx_word' id='word_1_29' title='bbox 317 1041 460 1121; x_wconf 81' lang='lat' dir='ltr'>tendant,</span> <span class='ocrx_word' id='word_1_30' title='bbox 483 1041 530 1107; x_wconf 90' lang='lat' dir='ltr'>uti</span> <span class='ocrx_word' id='word_1_31' title='bbox 552 1061 679 1107; x_wconf 90' lang='lat' dir='ltr'>carmen</span> <span class='ocrx_word' id='word_1_32' title='bbox 700 1061 742 1106; x_wconf 92' lang='lat' dir='ltr'>ne</span> <span class='ocrx_word' id='word_1_33' title='bbox 765 1040 841 1105; x_wconf 91' lang='lat' dir='ltr'>uiuo</span> <span class='ocrx_word' id='word_1_34' title='bbox 868 1034 996 1147; x_wconf 82' lang='lat' dir='ltr'>quidem</span> <span class='ocrx_word' id='word_1_35' title='bbox 1012 1041 1157 1121; x_wconf 80' lang='lat' dir='ltr'>Augusto</span> <span class='ocrx_word' id='word_1_36' title='bbox 1181 1039 1333 1127; x_wconf 89' lang='lat' dir='ltr'>scriptum</span> <span class='ocrx_word' id='word_1_37' title='bbox 1356 1061 1428 1110; x_wconf 87' lang='lat' dir='ltr'>esse</span> <span class='ocrx_word' id='word_1_38' title='bbox 1486 1118 1489 1125; x_wconf 51' lang='grc'><em>,</em></span> 
     </span>
     <span class='ocr_line' id='line_1_6' title="bbox 318 1154 1535 1257; baseline -0.002 -30"><span class='ocrx_word' id='word_1_39' title='bbox 318 1161 454 1243; x_wconf 82' lang='lat' dir='ltr'><strong>probent</strong></span> <span class='ocrx_word' id='word_1_40' title='bbox 475 1160 544 1227; x_wconf 81' lang='lat' dir='ltr'>siue</span> <span class='ocrx_word' id='word_1_41' title='bbox 566 1159 802 1248; x_wconf 74' lang='lat' dir='ltr'>illud&#39;pear&#39;tali</span> <span class='ocrx_word' id='word_1_42' title='bbox 813 1184 942 1247; x_wconf 82' lang='lat' dir='ltr'>corpore</span> <span class='ocrx_word' id='word_1_43' title='bbox 956 1184 1079 1236; x_wconf 81' lang='lat' dir='ltr'>nomen,</span> <span class='ocrx_word' id='word_1_44' title='bbox 1103 1158 1189 1241; x_wconf 90' lang='lat' dir='ltr'>quod</span> <span class='ocrx_word' id='word_1_45' title='bbox 1212 1164 1260 1223; x_wconf 82' lang='lat' dir='ltr'>est</span> <span class='ocrx_word' id='word_1_46' title='bbox 1281 1159 1314 1257; x_wconf 79' lang='lat' dir='ltr'>iu</span> <span class='ocrx_word' id='word_1_47' title='bbox 1331 1162 1429 1225; x_wconf 70' lang='lat' dir='ltr'>uersu</span> <span class='ocrx_word' id='word_1_48' title='bbox 1530 1154 1535 1162; x_wconf 71' lang='grc'><strong>’</strong></span> 
     </span>
     <span class='ocr_line' id='line_1_7' title="bbox 318 1275 1482 1362; baseline -0.003 -16"><span class='ocrx_word' id='word_1_49' title='bbox 318 1283 391 1356; x_wconf 81' lang='lat'>558,</span> <span class='ocrx_word' id='word_1_50' title='bbox 414 1276 457 1342; x_wconf 87' lang='lat' dir='ltr'>ad</span> <span class='ocrx_word' id='word_1_51' title='bbox 478 1285 612 1345; x_wconf 90' lang='lat' dir='ltr'>mortem</span> <span class='ocrx_word' id='word_1_52' title='bbox 627 1278 771 1362; x_wconf 81' lang='lat' dir='ltr'>Augusti,</span> <span class='ocrx_word' id='word_1_53' title='bbox 797 1276 883 1362; x_wconf 92' lang='lat' dir='ltr'>quod</span> <span class='ocrx_word' id='word_1_54' title='bbox 906 1297 978 1343; x_wconf 88' lang='lat' dir='ltr'>esse</span> <span class='ocrx_word' id='word_1_55' title='bbox 1001 1296 1113 1342; x_wconf 89' lang='lat' dir='ltr'>uerum</span> <span class='ocrx_word' id='word_1_56' title='bbox 1136 1275 1271 1355; x_wconf 82' lang='lat' dir='ltr'>uidetur3</span> <span class='ocrx_word' id='word_1_57' title='bbox 1294 1276 1364 1342; x_wconf 92' lang='lat' dir='ltr'>siue</span> <span class='ocrx_word' id='word_1_58' title='bbox 1386 1277 1429 1342; x_wconf 87' lang='lat' dir='ltr'>ad</span> <span class='ocrx_word' id='word_1_59' title='bbox 1478 1294 1482 1302; x_wconf 86' lang='lat'><strong>·</strong></span> 
     </span>
    </p>
   </div>
   <div class='ocr_carea' id='block_1_4' title="bbox 295 1371 1429 2424">
    <p class='ocr_par' dir='ltr' id='par_1_4' title="bbox 295 1371 1429 2424">
     <span class='ocr_line' id='line_1_8' title="bbox 317 1371 1428 1464; baseline 0 -3"><span class='ocrx_word' id='word_1_60' title='bbox 317 1397 443 1462; x_wconf 80' lang='lat' dir='ltr'><strong>natales</strong></span> <span class='ocrx_word' id='word_1_61' title='bbox 459 1371 533 1463; x_wconf 86' lang='lat' dir='ltr'>eius¹</span> <span class='ocrx_word' id='word_1_62' title='bbox 544 1397 695 1463; x_wconf 91' lang='lat' dir='ltr'>referunt.</span> <span class='ocrx_word' id='word_1_63' title='bbox 731 1417 804 1460; x_wconf 88' lang='lat' dir='ltr'>nam</span> <span class='ocrx_word' id='word_1_64' title='bbox 819 1396 966 1461; x_wconf 89' lang='lat' dir='ltr'>uersibus</span> <span class='ocrx_word' id='word_1_65' title='bbox 981 1386 1230 1459; x_wconf 87' lang='lat' dir='ltr'>Phaenomenon</span> <span class='ocrx_word' id='word_1_66' title='bbox 1245 1399 1309 1460; x_wconf 90' lang='lat'>444</span> <span class='ocrx_word' id='word_1_67' title='bbox 1320 1399 1352 1458; x_wconf 92' lang='lat' dir='ltr'>et</span> <span class='ocrx_word' id='word_1_68' title='bbox 1364 1399 1428 1464; x_wconf 84' lang='lat'>445</span> 
     </span>
     <span class='ocr_line' id='line_1_9' title="bbox 317 1510 1429 1599; baseline 0.001 -23"><span class='ocrx_word' id='word_1_69' title='bbox 317 1513 531 1599; x_wconf 82' lang='lat' dir='ltr'>Prognostica</span> <span class='ocrx_word' id='word_1_70' title='bbox 554 1514 715 1596; x_wconf 85' lang='lat' dir='ltr'>designari</span> <span class='ocrx_word' id='word_1_71' title='bbox 738 1532 841 1597; x_wconf 90' lang='lat' dir='ltr'>eaque</span> <span class='ocrx_word' id='word_1_72' title='bbox 863 1518 935 1598; x_wconf 89' lang='lat' dir='ltr'>post</span> <span class='ocrx_word' id='word_1_73' title='bbox 952 1513 1181 1577; x_wconf 89' lang='lat' dir='ltr'>Phaenomena</span> <span class='ocrx_word' id='word_1_74' title='bbox 1203 1515 1234 1576; x_wconf 91' lang='lat' dir='ltr'>et</span> <span class='ocrx_word' id='word_1_75' title='bbox 1255 1510 1377 1594; x_wconf 86' lang='lat' dir='ltr'>scripta¹</span> <span class='ocrx_word' id='word_1_76' title='bbox 1398 1518 1429 1577; x_wconf 89' lang='lat' dir='ltr'>et</span> 
     </span>
     <span class='ocr_line' id='line_1_10' title="bbox 295 1626 1428 1712; baseline -0.001 -16"><span class='ocrx_word' id='word_1_77' title='bbox 295 1669 298 1679; x_wconf 90' lang='lat'><strong>·</strong></span> <span class='ocrx_word' id='word_1_78' title='bbox 318 1631 407 1696; x_wconf 86' lang='lat' dir='ltr'>edita</span> <span class='ocrx_word' id='word_1_79' title='bbox 430 1628 501 1698; x_wconf 90' lang='lat' dir='ltr'>esse</span> <span class='ocrx_word' id='word_1_80' title='bbox 523 1630 728 1696; x_wconf 82' lang='lat' dir='ltr'>manifestum</span> <span class='ocrx_word' id='word_1_81' title='bbox 750 1637 807 1696; x_wconf 87' lang='lat' dir='ltr'>est.</span> <span class='ocrx_word' id='word_1_82' title='bbox 843 1636 875 1696; x_wconf 94' lang='lat' dir='ltr'>et</span> <span class='ocrx_word' id='word_1_83' title='bbox 888 1630 924 1707; x_wconf 70' lang='lat' dir='ltr'>¹si</span> <span class='ocrx_word' id='word_1_84' title='bbox 947 1649 1011 1712; x_wconf 88' lang='lat' dir='ltr'>qua</span> <span class='ocrx_word' id='word_1_85' title='bbox 1029 1628 1109 1694; x_wconf 90' lang='lat' dir='ltr'>fides</span> <span class='ocrx_word' id='word_1_86' title='bbox 1124 1632 1174 1693; x_wconf 90' lang='lat' dir='ltr'>est</span> <span class='ocrx_word' id='word_1_87' title='bbox 1189 1626 1353 1694; x_wconf 75' lang='lat' dir='ltr'>codicibus</span> <span class='ocrx_word' id='word_1_88' title='bbox 1368 1629 1428 1695; x_wconf 90' lang='lat' dir='ltr'>Ba-</span> 
     </span>
     <span class='ocr_line' id='line_1_11' title="bbox 318 1745 1428 1833; baseline -0.002 -20"><span class='ocrx_word' id='word_1_89' title='bbox 318 1749 448 1816; x_wconf 90' lang='lat' dir='ltr'>sileensi</span> <span class='ocrx_word' id='word_1_90' title='bbox 472 1757 503 1817; x_wconf 89' lang='lat' dir='ltr'>et</span> <span class='ocrx_word' id='word_1_91' title='bbox 524 1747 688 1827; x_wconf 80' lang='lat' dir='ltr'>Parisino,</span> <span class='ocrx_word' id='word_1_92' title='bbox 718 1770 764 1828; x_wconf 82' lang='lat' dir='ltr'>eu¹</span> <span class='ocrx_word' id='word_1_93' title='bbox 785 1748 1019 1833; x_wconf 79' lang='lat' dir='ltr'>subscriptione</span> <span class='ocrx_word' id='word_1_94' title='bbox 1046 1746 1211 1828; x_wconf 82' lang='lat' dir='ltr'>utriusque</span> <span class='ocrx_word' id='word_1_95' title='bbox 1233 1745 1306 1811; x_wconf 89' lang='lat' dir='ltr'>libri</span> <span class='ocrx_word' id='word_1_96' title='bbox 1328 1754 1360 1811; x_wconf 84' lang='lat' dir='ltr'>et</span> <span class='ocrx_word' id='word_1_97' title='bbox 1381 1747 1428 1811; x_wconf 92' lang='lat' dir='ltr'>in-</span> 
     </span>
     <span class='ocr_line' id='line_1_12' title="bbox 317 1864 1427 1952; baseline 0 -21"><span class='ocrx_word' id='word_1_98' title='bbox 317 1867 488 1951; x_wconf 90' lang='lat' dir='ltr'>scriptione</span> <span class='ocrx_word' id='word_1_99' title='bbox 510 1868 647 1934; x_wconf 85' lang='lat' dir='ltr'>Parisini</span> <span class='ocrx_word' id='word_1_100' title='bbox 668 1889 734 1933; x_wconf 91' lang='lat' dir='ltr'>non</span> <span class='ocrx_word' id='word_1_101' title='bbox 755 1868 893 1952; x_wconf 88' lang='lat' dir='ltr'>amplius</span> <span class='ocrx_word' id='word_1_102' title='bbox 915 1866 1054 1931; x_wconf 88' lang='lat' dir='ltr'>dubitari</span> <span class='ocrx_word' id='word_1_103' title='bbox 1081 1864 1189 1949; x_wconf 88' lang='lat' dir='ltr'>debet,</span> <span class='ocrx_word' id='word_1_104' title='bbox 1217 1865 1294 1947; x_wconf 90' lang='lat' dir='ltr'>quin</span> <span class='ocrx_word' id='word_1_105' title='bbox 1317 1872 1427 1931; x_wconf 89' lang='lat' dir='ltr'>auctor</span> 
     </span>
     <span class='ocr_line' id='line_1_13' title="bbox 318 1978 1427 2069; baseline 0 -21"><span class='ocrx_word' id='word_1_106' title='bbox 318 1985 467 2051; x_wconf 89' lang='lat' dir='ltr'>carminis</span> <span class='ocrx_word' id='word_1_107' title='bbox 494 1985 648 2053; x_wconf 79' lang='lat' dir='ltr'>Claudiae</span> <span class='ocrx_word' id='word_1_108' title='bbox 675 1985 781 2067; x_wconf 84' lang='lat' dir='ltr'>gentis</span> <span class='ocrx_word' id='word_1_109' title='bbox 808 1984 918 2069; x_wconf 86' lang='lat' dir='ltr'>fuerit,</span> <span class='ocrx_word' id='word_1_110' title='bbox 948 2004 1012 2048; x_wconf 92' lang='lat' dir='ltr'>non</span> <span class='ocrx_word' id='word_1_111' title='bbox 1039 1983 1182 2048; x_wconf 84' lang='lat' dir='ltr'>Flauiae.</span> <span class='ocrx_word' id='word_1_112' title='bbox 1223 1984 1294 2067; x_wconf 93' lang='lat' dir='ltr'>ipso</span> <span class='ocrx_word' id='word_1_113' title='bbox 1321 1978 1427 2051; x_wconf 90' lang='lat' dir='ltr'>Phae-</span> 
     </span>
     <span class='ocr_line' id='line_1_14' title="bbox 317 2101 1427 2185; baseline -0.001 -18"><span class='ocrx_word' id='word_1_114' title='bbox 317 2124 479 2169; x_wconf 93' lang='lat' dir='ltr'>nomenon</span> <span class='ocrx_word' id='word_1_115' title='bbox 502 2103 634 2169; x_wconf 84' lang='lat' dir='ltr'>exordio</span> <span class='ocrx_word' id='word_1_116' title='bbox 657 2103 844 2185; x_wconf 83' lang='lat' dir='ltr'>delegamur</span> <span class='ocrx_word' id='word_1_117' title='bbox 866 2103 910 2167; x_wconf 91' lang='lat' dir='ltr'>ad</span> <span class='ocrx_word' id='word_1_118' title='bbox 932 2122 1047 2167; x_wconf 89' lang='lat' dir='ltr'>aeuum</span> <span class='ocrx_word' id='word_1_119' title='bbox 1065 2101 1212 2183; x_wconf 82' lang='lat' dir='ltr'>Augusti.</span> <span class='ocrx_word' id='word_1_120' title='bbox 1248 2120 1427 2183; x_wconf 78' lang='lat' dir='ltr'>ecquonam</span> 
     </span>
     <span class='ocr_line' id='line_1_15' title="bbox 316 2220 1425 2306; baseline 0.003 -21"><span class='ocrx_word' id='word_1_121' title='bbox 316 2228 460 2306; x_wconf 84' lang='lat' dir='ltr'>tempore</span> <span class='ocrx_word' id='word_1_122' title='bbox 489 2221 659 2289; x_wconf 81' lang='lat' dir='ltr'>terrestris,</span> <span class='ocrx_word' id='word_1_123' title='bbox 675 2221 867 2304; x_wconf 88' lang='lat' dir='ltr'>naualisque</span> <span class='ocrx_word' id='word_1_124' title='bbox 897 2241 962 2304; x_wconf 82' lang='lat' dir='ltr'>pax</span> <span class='ocrx_word' id='word_1_125' title='bbox 988 2239 1008 2284; x_wconf 86' lang='lat' dir='ltr'>a</span> <span class='ocrx_word' id='word_1_126' title='bbox 1030 2221 1173 2284; x_wconf 85' lang='lat' dir='ltr'>Romano</span> <span class='ocrx_word' id='word_1_127' title='bbox 1196 2228 1293 2303; x_wconf 88' lang='lat' dir='ltr'>poeta</span> <span class='ocrx_word' id='word_1_128' title='bbox 1320 2220 1425 2305; x_wconf 89' lang='lat' dir='ltr'>aptius</span> 
     </span>
     <span class='ocr_line' id='line_1_16' title="bbox 317 2337 1427 2424; baseline 0.002 -20"><span class='ocrx_word' id='word_1_129' title='bbox 317 2339 472 2405; x_wconf 89' lang='lat' dir='ltr'>celebrari</span> <span class='ocrx_word' id='word_1_130' title='bbox 493 2340 596 2424; x_wconf 87' lang='lat' dir='ltr'>potuit</span> <span class='ocrx_word' id='word_1_131' title='bbox 618 2360 714 2422; x_wconf 91' lang='lat' dir='ltr'>quam</span> <span class='ocrx_word' id='word_1_132' title='bbox 738 2344 844 2404; x_wconf 87' lang='lat' dir='ltr'>aetate</span> <span class='ocrx_word' id='word_1_133' title='bbox 867 2337 1019 2421; x_wconf 83' lang='lat' dir='ltr'>Augusti,</span> <span class='ocrx_word' id='word_1_134' title='bbox 1042 2357 1106 2421; x_wconf 93' lang='lat' dir='ltr'>quo</span> <span class='ocrx_word' id='word_1_135' title='bbox 1129 2338 1306 2422; x_wconf 86' lang='lat' dir='ltr'>imperante</span> <span class='ocrx_word' id='word_1_136' title='bbox 1328 2340 1427 2406; x_wconf 87' lang='lat' dir='ltr'>Ianus</span> 
     </span>
    </p>
   </div>
   <div class='ocr_carea' id='block_1_5' title="bbox 266 2449 1548 2547">
    <p class='ocr_par' dir='ltr' id='par_1_5' title="bbox 266 2449 1548 2547">
     <span class='ocr_line' id='line_1_17' title="bbox 266 2449 1548 2547; baseline 0.002 -26"><span class='ocrx_word' id='word_1_137' title='bbox 266 2540 270 2547; x_wconf 88' lang='lat'>.</span> <span class='ocrx_word' id='word_1_138' title='bbox 315 2478 355 2522; x_wconf 85' lang='lat' dir='ltr'>ex</span> <span class='ocrx_word' id='word_1_139' title='bbox 379 2479 462 2523; x_wconf 89' lang='lat' dir='ltr'>anno</span> <span class='ocrx_word' id='word_1_140' title='bbox 486 2478 515 2524; x_wconf 92' lang='lat' dir='ltr'>a.</span> <span class='ocrx_word' id='word_1_141' title='bbox 540 2479 570 2522; x_wconf 93' lang='grc' dir='ltr'>ιι.</span> <span class='ocrx_word' id='word_1_142' title='bbox 594 2478 620 2523; x_wconf 85' lang='grc'>6.</span> <span class='ocrx_word' id='word_1_143' title='bbox 643 2463 706 2527; x_wconf 79' lang='lat'>519</span> <span class='ocrx_word' id='word_1_144' title='bbox 729 2457 866 2540; x_wconf 92' lang='lat' dir='ltr'>primum</span> <span class='ocrx_word' id='word_1_145' title='bbox 889 2455 1016 2521; x_wconf 88' lang='lat' dir='ltr'>clausus</span> <span class='ocrx_word' id='word_1_146' title='bbox 1040 2462 1101 2533; x_wconf 91' lang='lat' dir='ltr'>est,</span> <span class='ocrx_word' id='word_1_147' title='bbox 1125 2476 1188 2537; x_wconf 90' lang='lat' dir='ltr'>quo</span> <span class='ocrx_word' id='word_1_148' title='bbox 1211 2456 1353 2541; x_wconf 90' lang='lat' dir='ltr'>principe</span> <span class='ocrx_word' id='word_1_149' title='bbox 1375 2458 1426 2523; x_wconf 86' lang='lat' dir='ltr'>Ia·</span> <span class='ocrx_word' id='word_1_150' title='bbox 1543 2449 1548 2456; x_wconf 66' lang='grc'><strong>’</strong></span> 
     </span>
    </p>
   </div>
   <div class='ocr_carea' id='block_1_6' title="bbox 313 2558 1426 2898">
    <p class='ocr_par' dir='ltr' id='par_1_6' title="bbox 313 2558 1426 2898">
     <span class='ocr_line' id='line_1_18' title="bbox 315 2558 1426 2660; baseline 0.001 -20"><span class='ocrx_word' id='word_1_151' title='bbox 315 2597 390 2641; x_wconf 93' lang='lat' dir='ltr'>num</span> <span class='ocrx_word' id='word_1_152' title='bbox 406 2576 583 2660; x_wconf 80' lang='lat' dir='ltr'>Quirinum,</span> <span class='ocrx_word' id='word_1_153' title='bbox 608 2582 642 2640; x_wconf 89' lang='lat' dir='ltr'>ut</span> <span class='ocrx_word' id='word_1_154' title='bbox 656 2558 726 2660; x_wconf 78' lang='lat' dir='ltr'>ipse</span> <span class='ocrx_word' id='word_1_155' title='bbox 742 2574 954 2642; x_wconf 86' lang='lat' dir='ltr'>monumentis</span> <span class='ocrx_word' id='word_1_156' title='bbox 968 2574 1141 2660; x_wconf 88' lang='lat' dir='ltr'>Ancyrano</span> <span class='ocrx_word' id='word_1_157' title='bbox 1158 2581 1189 2639; x_wconf 85' lang='lat' dir='ltr'>et</span> <span class='ocrx_word' id='word_1_158' title='bbox 1202 2575 1426 2659; x_wconf 88' lang='lat' dir='ltr'>Apolloniensi</span> 
     </span>
     <span class='ocr_line' id='line_1_19' title="bbox 313 2691 1425 2779; baseline 0.001 -20"><span class='ocrx_word' id='word_1_159' title='bbox 313 2696 508 2778; x_wconf 83' lang='lat' dir='ltr'>promulgari</span> <span class='ocrx_word' id='word_1_160' title='bbox 523 2695 626 2779; x_wconf 84' lang='lat' dir='ltr'>iussit,</span> <span class='ocrx_word' id='word_1_161' title='bbox 645 2700 693 2760; x_wconf 94' lang='lat' dir='ltr'>ter</span> <span class='ocrx_word' id='word_1_162' title='bbox 708 2699 837 2759; x_wconf 86' lang='lat' dir='ltr'>senatus</span> <span class='ocrx_word' id='word_1_163' title='bbox 853 2691 1067 2760; x_wconf 85' lang='lat' dir='ltr'>claudendum</span> <span class='ocrx_word' id='word_1_164' title='bbox 1083 2713 1154 2773; x_wconf 81' lang='lat' dir='ltr'>esse</span> <span class='ocrx_word' id='word_1_165' title='bbox 1170 2693 1316 2758; x_wconf 76' lang='lat' dir='ltr'>censuit?</span> <span class='ocrx_word' id='word_1_166' title='bbox 1338 2695 1425 2776; x_wconf 89' lang='lat' dir='ltr'>quod</span> 
     </span>
     <span class='ocr_line' id='line_1_20' title="bbox 315 2794 1426 2898; baseline 0 -20"><span class='ocrx_word' id='word_1_167' title='bbox 315 2794 517 2896; x_wconf 51' lang='lat' dir='ltr'>poeta&#39;eum,</span> <span class='ocrx_word' id='word_1_168' title='bbox 541 2813 593 2879; x_wconf 91' lang='lat' dir='ltr'>cui</span> <span class='ocrx_word' id='word_1_169' title='bbox 612 2832 739 2878; x_wconf 88' lang='lat' dir='ltr'>carmen</span> <span class='ocrx_word' id='word_1_170' title='bbox 752 2812 926 2891; x_wconf 88' lang='lat' dir='ltr'>dedicauit,</span> <span class='ocrx_word' id='word_1_171' title='bbox 949 2810 1125 2893; x_wconf 86' lang='lat' dir='ltr'>genitorem</span> <span class='ocrx_word' id='word_1_172' title='bbox 1150 2830 1242 2876; x_wconf 90' lang='lat' dir='ltr'>suum</span> <span class='ocrx_word' id='word_1_173' title='bbox 1264 2830 1363 2893; x_wconf 86' lang='lat' dir='ltr'>seque</span> <span class='ocrx_word' id='word_1_174' title='bbox 1378 2815 1426 2898; x_wconf 93' lang='lat' dir='ltr'>ip-</span> 
     </span>
    </p>
   </div>
   <div class='ocr_carea' id='block_1_7' title="bbox 143 2926 1425 3132">
    <p class='ocr_par' dir='ltr' id='par_1_7' title="bbox 143 2926 1425 3132">
     <span class='ocr_line' id='line_1_21' title="bbox 143 2926 1425 3015; baseline -0.001 -20"><span class='ocrx_word' id='word_1_175' title='bbox 143 2926 146 2935; x_wconf 73' lang='grc'><em>“</em></span> <span class='ocrx_word' id='word_1_176' title='bbox 248 3006 253 3013; x_wconf 42' lang='grc'>,</span> <span class='ocrx_word' id='word_1_177' title='bbox 316 2950 385 2995; x_wconf 92' lang='lat' dir='ltr'>sum</span> <span class='ocrx_word' id='word_1_178' title='bbox 407 2931 465 2997; x_wconf 91' lang='lat' dir='ltr'>illo</span> <span class='ocrx_word' id='word_1_179' title='bbox 487 2937 600 2996; x_wconf 56' lang='lat' dir='ltr'>natum*</span> <span class='ocrx_word' id='word_1_180' title='bbox 623 2930 802 3015; x_wconf 86' lang='lat' dir='ltr'>praedicat,</span> <span class='ocrx_word' id='word_1_181' title='bbox 833 2931 895 2996; x_wconf 92' lang='lat' dir='ltr'>hoo</span> <span class='ocrx_word' id='word_1_182' title='bbox 922 2949 1025 3013; x_wconf 90' lang='lat' dir='ltr'>neque</span> <span class='ocrx_word' id='word_1_183' title='bbox 1047 2928 1192 3012; x_wconf 83' lang='lat' dir='ltr'>Augusto</span> <span class='ocrx_word' id='word_1_184' title='bbox 1221 2949 1325 3012; x_wconf 89' lang='lat' dir='ltr'>neque</span> <span class='ocrx_word' id='word_1_185' title='bbox 1348 2931 1425 2996; x_wconf 79' lang='lat' dir='ltr'>Ger-</span> 
     </span>
     <span class='ocr_line' id='line_1_22' title="bbox 190 3047 1424 3132; baseline -0.002 -19"><span class='ocrx_word' id='word_1_186' title='bbox 190 3068 195 3079; x_wconf 80' lang='grc'><em>’</em></span> <span class='ocrx_word' id='word_1_187' title='bbox 314 3049 439 3114; x_wconf 90' lang='lat' dir='ltr'>manico</span> <span class='ocrx_word' id='word_1_188' title='bbox 463 3050 600 3126; x_wconf 88' lang='lat' dir='ltr'>obstare,</span> <span class='ocrx_word' id='word_1_189' title='bbox 623 3048 699 3112; x_wconf 90' lang='lat' dir='ltr'>mihi</span> <span class='ocrx_word' id='word_1_190' title='bbox 721 3053 948 3132; x_wconf 88' lang='lat' dir='ltr'>persuaserunt</span> <span class='ocrx_word' id='word_1_191' title='bbox 969 3047 1146 3112; x_wconf 87' lang='lat' dir='ltr'>Merkelius</span> <span class='ocrx_word' id='word_1_192' title='bbox 1168 3048 1201 3111; x_wconf 90' lang='lat' dir='ltr'>in</span> <span class='ocrx_word' id='word_1_193' title='bbox 1223 3048 1295 3113; x_wconf 90' lang='lat' dir='ltr'>Ibin</span> <span class='ocrx_word' id='word_1_194' title='bbox 1318 3069 1348 3132; x_wconf 91' lang='lat' dir='ltr'>p.</span> <span class='ocrx_word' id='word_1_195' title='bbox 1361 3056 1424 3119; x_wconf 78' lang='grc'>379</span> 
     </span>
    </p>
   </div>
   <div class='ocr_carea' id='block_1_8' title="bbox 236 3148 1425 3967">
    <p class='ocr_par' dir='ltr' id='par_1_8' title="bbox 236 3148 1425 3967">
     <span class='ocr_line' id='line_1_23' title="bbox 316 3148 1425 3250; baseline 0.003 -18"><span class='ocrx_word' id='word_1_196' title='bbox 316 3174 348 3233; x_wconf 90' lang='lat' dir='ltr'>et</span> <span class='ocrx_word' id='word_1_197' title='bbox 362 3166 514 3230; x_wconf 88' lang='lat' dir='ltr'>Imhofius</span> <span class='ocrx_word' id='word_1_198' title='bbox 528 3163 700 3228; x_wconf 87' lang='lat' dir='ltr'>Domitian.</span> <span class='ocrx_word' id='word_1_199' title='bbox 717 3185 748 3247; x_wconf 88' lang='lat' dir='ltr'>p.</span> <span class='ocrx_word' id='word_1_200' title='bbox 765 3170 822 3231; x_wconf 89' lang='grc'>131</span> <span class='ocrx_word' id='word_1_201' title='bbox 834 3184 904 3247; x_wconf 89' lang='lat' dir='ltr'>sqq.</span> <span class='ocrx_word' id='word_1_202' title='bbox 927 3163 1065 3245; x_wconf 89' lang='lat' dir='ltr'>denique</span> <span class='ocrx_word' id='word_1_203' title='bbox 1080 3148 1162 3227; x_wconf 86' lang='lat' dir='ltr'>illud</span> <span class='ocrx_word' id='word_1_204' title='bbox 1170 3190 1244 3250; x_wconf 77' lang='lat' dir='ltr'>pas</span> <span class='ocrx_word' id='word_1_205' title='bbox 1259 3181 1322 3248; x_wconf 81' lang='lat' dir='ltr'>too,</span> <span class='ocrx_word' id='word_1_206' title='bbox 1339 3173 1425 3249; x_wconf 91' lang='lat' dir='ltr'>quod</span> 
     </span>
     <span class='ocr_line' id='line_1_24' title="bbox 314 3282 1424 3367; baseline 0.004 -16"><span class='ocrx_word' id='word_1_207' title='bbox 314 3285 503 3367; x_wconf 85' lang='lat' dir='ltr'>Rutgersius</span> <span class='ocrx_word' id='word_1_208' title='bbox 519 3282 562 3348; x_wconf 91' lang='lat' dir='ltr'>ad</span> <span class='ocrx_word' id='word_1_209' title='bbox 577 3282 811 3365; x_wconf 87' lang='lat' dir='ltr'>Vespasianum</span> <span class='ocrx_word' id='word_1_210' title='bbox 833 3289 865 3349; x_wconf 91' lang='lat' dir='ltr'>et</span> <span class='ocrx_word' id='word_1_211' title='bbox 886 3283 921 3347; x_wconf 91' lang='lat' dir='ltr'>id</span> <span class='ocrx_word' id='word_1_212' title='bbox 943 3282 1030 3365; x_wconf 93' lang='lat' dir='ltr'>quod</span> <span class='ocrx_word' id='word_1_213' title='bbox 1052 3282 1092 3348; x_wconf 91' lang='lat' dir='ltr'>ab</span> <span class='ocrx_word' id='word_1_214' title='bbox 1117 3301 1155 3347; x_wconf 88' lang='lat' dir='ltr'>eo</span> <span class='ocrx_word' id='word_1_215' title='bbox 1173 3284 1333 3350; x_wconf 88' lang='lat' dir='ltr'>conditum</span> <span class='ocrx_word' id='word_1_216' title='bbox 1355 3289 1424 3356; x_wconf 83' lang='lat' dir='ltr'>fue-</span> 
     </span>
     <span class='ocr_line' id='line_1_25' title="bbox 314 3399 1424 3499; baseline 0.006 -33"><span class='ocrx_word' id='word_1_217' title='bbox 314 3403 355 3466; x_wconf 85' lang='lat' dir='ltr'>rit</span> <span class='ocrx_word' id='word_1_218' title='bbox 376 3403 470 3467; x_wconf 88' lang='lat' dir='ltr'>Pacis</span> <span class='ocrx_word' id='word_1_219' title='bbox 488 3400 650 3499; x_wconf 27' lang='lat' dir='ltr'>&#39;templum</span> <span class='ocrx_word' id='word_1_220' title='bbox 678 3399 792 3465; x_wconf 83' lang='lat' dir='ltr'>referri</span> <span class='ocrx_word' id='word_1_221' title='bbox 814 3401 930 3479; x_wconf 89' lang='lat' dir='ltr'>uoluit,</span> <span class='ocrx_word' id='word_1_222' title='bbox 960 3401 1119 3469; x_wconf 86' lang='lat' dir='ltr'>adaram</span> <span class='ocrx_word' id='word_1_223' title='bbox 1141 3399 1234 3467; x_wconf 88' lang='lat' dir='ltr'>Pacis</span> <span class='ocrx_word' id='word_1_224' title='bbox 1256 3408 1424 3490; x_wconf 83' lang='lat' dir='ltr'>Augustae</span> 
     </span>
     <span class='ocr_line' id='line_1_26' title="bbox 301 3504 1425 3616; baseline 0.009 -32"><span class='ocrx_word' id='word_1_225' title='bbox 301 3539 398 3616; x_wconf 78' lang='lat' dir='ltr'>¹anno</span> <span class='ocrx_word' id='word_1_226' title='bbox 419 3539 448 3584; x_wconf 91' lang='lat' dir='ltr'>a.</span> <span class='ocrx_word' id='word_1_227' title='bbox 464 3541 496 3584; x_wconf 95' lang='lat' dir='ltr'>u.</span> <span class='ocrx_word' id='word_1_228' title='bbox 514 3523 573 3586; x_wconf 82' lang='grc'>741</span> <span class='ocrx_word' id='word_1_229' title='bbox 598 3516 778 3583; x_wconf 86' lang='lat' dir='ltr'>dedicatam</span> <span class='ocrx_word' id='word_1_230' title='bbox 802 3504 857 3605; x_wconf 83' lang='lat' dir='ltr'>(cf.</span> <span class='ocrx_word' id='word_1_231' title='bbox 879 3539 935 3600; x_wconf 39' lang='lat' dir='ltr'>res,</span> <span class='ocrx_word' id='word_1_232' title='bbox 952 3523 1034 3601; x_wconf 83' lang='lat' dir='ltr'>gest.</span> <span class='ocrx_word' id='word_1_233' title='bbox 1049 3519 1114 3585; x_wconf 92' lang='lat' dir='ltr'>diu.</span> <span class='ocrx_word' id='word_1_234' title='bbox 1128 3521 1211 3605; x_wconf 84' lang='lat' dir='ltr'>Aug.</span> <span class='ocrx_word' id='word_1_235' title='bbox 1228 3525 1278 3589; x_wconf 87' lang='lat' dir='ltr'>ed.</span> <span class='ocrx_word' id='word_1_236' title='bbox 1293 3528 1425 3594; x_wconf 91' lang='lat' dir='ltr'>Momm-</span> 
     </span>
     <span class='ocr_line' id='line_1_27' title="bbox 315 3614 1424 3724; baseline 0.011 -22"><span class='ocrx_word' id='word_1_237' title='bbox 315 3657 381 3702; x_wconf 89' lang='lat' dir='ltr'>sen.</span> <span class='ocrx_word' id='word_1_238' title='bbox 396 3639 426 3701; x_wconf 91' lang='grc' dir='ltr'>Π</span> <span class='ocrx_word' id='word_1_239' title='bbox 441 3643 481 3705; x_wconf 79' lang='lat'>37</span> <span class='ocrx_word' id='word_1_240' title='bbox 497 3658 528 3720; x_wconf 94' lang='lat' dir='ltr'>p.</span> <span class='ocrx_word' id='word_1_241' title='bbox 542 3638 597 3721; x_wconf 83' lang='lat'>31)</span> <span class='ocrx_word' id='word_1_242' title='bbox 620 3637 822 3703; x_wconf 85' lang='lat' dir='ltr'>referendum</span> <span class='ocrx_word' id='word_1_243' title='bbox 838 3614 1060 3706; x_wconf 86' lang='lat' dir='ltr'>esseuidetur.</span> <span class='ocrx_word' id='word_1_244' title='bbox 1083 3638 1220 3705; x_wconf 77' lang='lat' dir='ltr'>Claudio</span> <span class='ocrx_word' id='word_1_245' title='bbox 1236 3641 1332 3724; x_wconf 85' lang='lat' dir='ltr'>igitur</span> <span class='ocrx_word' id='word_1_246' title='bbox 1344 3646 1424 3715; x_wconf 79' lang='lat' dir='ltr'>Gae-</span> 
     </span>
     <span class='ocr_line' id='line_1_28' title="bbox 315 3755 1424 3840; baseline 0.009 -20"><span class='ocrx_word' id='word_1_247' title='bbox 315 3774 387 3820; x_wconf 88' lang='lat' dir='ltr'>sare</span> <span class='ocrx_word' id='word_1_248' title='bbox 403 3755 603 3840; x_wconf 79' lang='lat' dir='ltr'>Germanico,</span> <span class='ocrx_word' id='word_1_249' title='bbox 620 3755 718 3820; x_wconf 91' lang='lat' dir='ltr'>Drusi</span> <span class='ocrx_word' id='word_1_250' title='bbox 732 3755 809 3835; x_wconf 88' lang='lat' dir='ltr'>filio,</span> <span class='ocrx_word' id='word_1_251' title='bbox 832 3764 960 3823; x_wconf 87' lang='lat' dir='ltr'>auctore</span> <span class='ocrx_word' id='word_1_252' title='bbox 976 3758 1164 3823; x_wconf 90' lang='lat' dir='ltr'>Arateorum</span> <span class='ocrx_word' id='word_1_253' title='bbox 1178 3762 1357 3828; x_wconf 85' lang='lat' dir='ltr'>renuntiato</span> <span class='ocrx_word' id='word_1_254' title='bbox 1373 3785 1424 3832; x_wconf 89' lang='lat' dir='ltr'>re-</span> 
     </span>
     <span class='ocr_line' id='line_1_29' title="bbox 236 3852 1127 3967; baseline 0.004 -32"><span class='ocrx_word' id='word_1_255' title='bbox 236 3925 253 3935; x_wconf 87' lang='lat'>..</span> <span class='ocrx_word' id='word_1_256' title='bbox 316 3872 449 3937; x_wconf 90' lang='lat' dir='ltr'>deamus</span> <span class='ocrx_word' id='word_1_257' title='bbox 472 3872 513 3939; x_wconf 85' lang='lat' dir='ltr'>ad</span> <span class='ocrx_word' id='word_1_258' title='bbox 526 3873 678 3967; x_wconf 82' lang='lat' dir='ltr'>codices.</span> <span class='ocrx_word' id='word_1_259' title='bbox 706 3894 710 3900; x_wconf 85' lang='lat'>·</span> <span class='ocrx_word' id='word_1_260' title='bbox 1124 3852 1127 3855; x_wconf 21' lang='grc' dir='ltr'>Ι</span> 
     </span>
    </p>
   </div>
   <div class='ocr_carea' id='block_1_9' title="bbox 280 4109 1422 4410">
    <p class='ocr_par' dir='ltr' id='par_1_9' title="bbox 280 4109 1422 4410">
     <span class='ocr_line' id='line_1_30' title="bbox 280 4109 1422 4193; baseline 0.011 -21"><span class='ocrx_word' id='word_1_261' title='bbox 280 4119 284 4124; x_wconf 91' lang='grc'>’</span> <span class='ocrx_word' id='word_1_262' title='bbox 400 4109 580 4174; x_wconf 85' lang='lat' dir='ltr'>Secundum</span> <span class='ocrx_word' id='word_1_263' title='bbox 602 4109 881 4192; x_wconf 86' lang='lat' dir='ltr'>interpolationum</span> <span class='ocrx_word' id='word_1_264' title='bbox 901 4131 1021 4193; x_wconf 85' lang='lat' dir='ltr'>genera</span> <span class='ocrx_word' id='word_1_265' title='bbox 1042 4117 1107 4176; x_wconf 90' lang='lat' dir='ltr'>tres</span> <span class='ocrx_word' id='word_1_266' title='bbox 1123 4111 1272 4176; x_wconf 90' lang='lat' dir='ltr'>codicum</span> <span class='ocrx_word' id='word_1_267' title='bbox 1294 4115 1422 4185; x_wconf 90' lang='lat' dir='ltr'>ordines</span> 
     </span>
     <span class='ocr_line' id='line_1_31' title="bbox 316 4207 1422 4313; baseline 0.007 -22"><span class='ocrx_word' id='word_1_268' title='bbox 316 4207 542 4298; x_wconf 85' lang='lat' dir='ltr'>constituimus.</span> <span class='ocrx_word' id='word_1_269' title='bbox 578 4247 616 4291; x_wconf 88' lang='lat' dir='ltr'>ao</span> <span class='ocrx_word' id='word_1_270' title='bbox 639 4227 732 4311; x_wconf 90' lang='lat' dir='ltr'>primi</span> <span class='ocrx_word' id='word_1_271' title='bbox 754 4227 884 4310; x_wconf 83' lang='lat' dir='ltr'>quidem</span> <span class='ocrx_word' id='word_1_272' title='bbox 900 4227 1020 4293; x_wconf 89' lang='lat' dir='ltr'>ordinis</span> <span class='ocrx_word' id='word_1_273' title='bbox 1036 4228 1238 4310; x_wconf 90' lang='lat' dir='ltr'>omniumque</span> <span class='ocrx_word' id='word_1_274' title='bbox 1260 4239 1422 4313; x_wconf 88' lang='lat' dir='ltr'>praestan-</span> 
     </span>
     <span class='ocr_line' id='line_1_32' title="bbox 315 4341 1081 4410; baseline -0.003 -3"><span class='ocrx_word' id='word_1_275' title='bbox 315 4343 429 4408; x_wconf 89' lang='lat' dir='ltr'>tissimi</span> <span class='ocrx_word' id='word_1_276' title='bbox 452 4344 485 4407; x_wconf 94' lang='lat' dir='ltr'>hi</span> <span class='ocrx_word' id='word_1_277' title='bbox 507 4348 581 4409; x_wconf 88' lang='lat' dir='ltr'>sunt</span> <span class='ocrx_word' id='word_1_278' title='bbox 602 4344 689 4410; x_wconf 88' lang='lat' dir='ltr'>libri:</span> <span class='ocrx_word' id='word_1_279' title='bbox 714 4368 717 4369; x_wconf 43' lang='lat'><em>⁷</em></span> <span class='ocrx_word' id='word_1_280' title='bbox 1079 4341 1081 4343; x_wconf 72' lang='grc'><strong>’</strong></span> 
     </span>
    </p>
   </div>
   <div class='ocr_carea' id='block_1_10' title="bbox 1615 1120 1617 1453">
    <p class='ocr_par' dir='ltr' id='par_1_10' title="bbox 1615 1120 1617 1453">
     <span class='ocr_line' id='line_1_33' title="bbox 1616 1120 1617 1175; baseline 0 0"><span class='ocrx_word' id='word_1_281' title='bbox 1616 1120 1617 1175; x_wconf 86' lang='lat' dir='ltr'>l</span> 
     </span>
     <span class='ocr_line' id='line_1_34' title="bbox 1616 1188 1617 1227; baseline 0 0"><span class='ocrx_word' id='word_1_282' title='bbox 1616 1188 1617 1227; x_wconf 79' lang='grc' dir='ltr'><strong>ι</strong></span> 
     </span>
     <span class='ocr_line' id='line_1_35' title="bbox 1616 1248 1617 1291; baseline 0 0"><span class='ocrx_word' id='word_1_283' title='bbox 1616 1248 1617 1291; x_wconf 86' lang='lat' dir='ltr'>l</span> 
     </span>
     <span class='ocr_line' id='line_1_36' title="bbox 1615 1324 1617 1387; baseline 0 0"><span class='ocrx_word' id='word_1_284' title='bbox 1615 1324 1617 1387; x_wconf 87' lang='lat' dir='ltr'>l</span> 
     </span>
     <span class='ocr_line' id='line_1_37' title="bbox 1616 1406 1617 1453; baseline 0 0"><span class='ocrx_word' id='word_1_285' title='bbox 1616 1406 1617 1453; x_wconf 88' lang='lat' dir='ltr'>l</span> 
     </span>
    </p>
   </div>
   <div class='ocr_carea' id='block_1_11' title="bbox 0 0 1630 5204">
    <p class='ocr_par' dir='ltr' id='par_1_11' title="bbox 0 0 1630 5204">
     <span class='ocr_line' id='line_1_38' title="bbox 0 0 1630 5204; baseline 0 1"><span class='ocrx_word' id='word_1_286' title='bbox 0 0 1630 5204; x_wconf 95' lang='lat' dir='ltr'> </span> 
     </span>
    </p>
   </div>
  </div>
 </body>
</html>
