3202 5200
756 464 992 558 -rarss-

280 674 432 740 Scanem
456 661 571 726 exoriri
596 661 752 745 uideatur,
776 660 952 745 appellant,
976 666 1026 725 ost
1048 661 1175 742 signum
1197 663 1230 727 in
1244 663 1350 727 lacteo
1373 664 1431 728 cir-

320 774 391 840 culo
420 772 559 837 defixum
587 770 775 855 pertingens
802 770 1069 852 aequinoctialem
1100 770 1268 848 circulum,
1295 771 1431 837 tendens

319 885 361 948 ad
390 902 539 948 occasum
565 880 624 946 sub
653 877 800 963 geminis.
841 880 940 943 oritur
968 880 1053 945 enim
1082 901 1152 946 cum
1179 882 1287 965 leone,
1316 880 1433 946 occidit

320 999 429 1058 exorto
459 990 654 1073 capricorno.
690 988 911 1053 diciturenim
940 988 1022 1054 inter
1049 994 1137 1054 astra
1159 990 1362 1073 collocatum,
1392 1010 1431 1054 eo

290 1126 303 1163 s
322 1101 409 1185 quod
431 1101 522 1167 canis
544 1098 641 1163 fucrit
663 1097 791 1163 Orionis
819 1105 850 1161 et
880 1098 923 1162 ad
945 1099 1135 1181 capiendum
1157 1100 1285 1182 lepores
1308 1099 1376 1163 siue
1398 1099 1432 1162 in

321 1211 408 1277 omni
435 1210 541 1275 studio
568 1207 709 1272 uenandi
738 1206 929 1272 exercitatus
957 1208 1104 1272 extiterit.
1139 1208 1236 1273 habet
1262 1207 1372 1272 stellas
1398 1206 1433 1270 in

320 1319 403 1397 collo
420 1317 623 1403 splendidam
644 1337 749 1399 unam,
772 1315 807 1380 in
822 1322 950 1399 pectore
966 1315 1088 1381 claram
1106 1339 1214 1397 unam,
1236 1318 1268 1382 in
1290 1316 1433 1445 humer'ip

320 1431 443 1495 claram
466 1448 572 1492 unam.
596 1426 675 1491 fiunt
696 1430 771 1490 tres.
792 1445 858 1490 una
881 1425 1081 1508 splendidior
1102 1426 1226 1491 ceteris.

301 1554 305 1561 ·
339 1598 350 1613 ,
405 1539 484 1605 Post
505 1539 563 1603 has
587 1545 661 1602 sunt
682 1535 796 1602 stellae
820 1534 860 1598 ob
885 1534 1048 1616 signorum
1071 1535 1235 1615 circulum,
1266 1556 1359 1619 quem
1382 1538 1433 1602 sol

284 1671 308 1711 ιο
322 1649 526 1732 perambulat
547 1648 581 1711 in
603 1670 650 1710 xu
672 1644 845 1726 mensibus,
870 1643 956 1726 quod
979 1652 1011 1709 et
1031 1645 1104 1729 ipsa
1126 1670 1172 1709 xm
1195 1648 1266 1712 sint.

405 1757 555 1839 Quinque
577 1755 663 1819 aliae
686 1753 810 1840 stellae]

405 1865 485 1930 Oum
508 1867 577 1931 sole
600 1871 632 1930 ct
654 1866 730 1929 luna
751 1868 874 1947 septem
898 1868 987 1928 astra
1007 1872 1233 1946 numerantur,
1256 1886 1339 1947 quae
1360 1888 1424 1931 non

320 1982 395 2041 sunt
416 1974 482 2039 lixa
503 1975 537 2038 in
560 1975 666 2053 caelo,
690 1979 724 2037 ut
746 1977 855 2037 cetera
877 1971 1001 2050 sidera,
1030 1974 1088 2039 sed
1116 1974 1148 2038 in
1177 1994 1252 2038 aere
1278 1973 1421 2040 feruntur

321 2104 406 2167 quae
429 2103 547 2164 graeco
568 2083 734 2166 planetae,
762 2081 861 2146 latine
889 2089 997 2147 autem
1020 2084 1162 2148 errantia
1184 2084 1291 2148 sidera
1312 2104 1434 2149 nuncn-

285 2200 447 2277 npantur,
470 2214 534 2257 non
558 2191 644 2274 quod
664 2192 736 2275 ipsa
758 2197 877 2269 errent,
909 2212 992 2273 quae
1021 2212 1133 2257 cursus
1156 2211 1232 2258 suos
1255 2194 1432 2259 secundum

321 2303 422 2368 diuini
444 2301 570 2385 imperii
585 2300 857 2384 dispensationem
880 2307 1047 2385 peragunt,
1072 2302 1130 2367 sed
1146 2304 1234 2384 quod
1249 2324 1309 2367 nos
1324 2324 1434 2369 errare

282 2503 434 2568 Gcancm
458 2474 575 2554 exoriri
598 2485 749 2552 uideatur
771 2485 947 2569 appellant,
972 2494 1020 2551 est
1042 2486 1168 2568 signum
1192 2488 1224 2551 in
1246 2490 1349 2555 lacteo
1372 2491 1433 2553 cir—

322 2600 393 2664 culo
417 2598 573 2675 delirum,
596 2595 783 2682 pertingens
806 2595 1077 2678 aequinoctialem
1106 2596 1273 2677 circulum,
1297 2600 1434 2666 tendens

320 2707 363 2771 ad
392 2727 538 2773 occasum
566 2706 649 2770 intcr
682 2704 829 2786 geminos
856 2711 887 2768 et
914 2725 1073 2768 cancrum.
1108 2704 1208 2769 oritur
1241 2710 1326 2772 enim
1360 2730 1432 2774 curn

286 2818 428 2900 auleone,
452 2814 570 2881 occidit
591 2819 702 2879 exorto
725 2812 922 2896 capricorno.
946 2813 1061 2878 dicitur
1084 2835 1161 2896 ergo
1184 2815 1329 2884 fabulose
1350 2820 1434 2885 inter

323 2930 412 2990 astra
434 2926 629 3006 conlocatus,
654 2942 692 2987 eo
712 2921 799 3004 quod
815 2921 905 2987 canis
927 2924 1023 2988 fucrit
1037 2923 1166 2990 Orionis
1188 2931 1220 2989 et
1241 2926 1284 2991 ad
1307 2927 1433 3011 capien-

323 3033 383 3099 dos
404 3035 530 3118 lepores
552 3034 622 3099 siue
644 3032 678 3095 in
701 3031 787 3095 omni
814 3031 919 3096 studio
942 3033 1084 3098 uenandi
1107 3035 1299 3101 exercitatus
1322 3037 1433 3102 extite-

321 3143 370 3207 rit.
394 3141 494 3208 babet
515 3144 645 3225 quidem
669 3140 784 3207 stellas
806 3163 851 3203 ιιι.

281 3336 303 3385 8
356 3333 372 3386 1
391 3333 444 3385 Est
463 3307 525 3401 sigii
539 3333 577 3399 (st
589 3307 653 3400 sigii
665 3335 693 3384 ιἰι
706 3332 774 3398 rna.)
792 3333 814 3381 8
837 3327 852 3399 Η
876 3331 893 3384 2
910 3330 953 3400 pti
971 3333 1004 3383 S¹
1028 3348 1116 3400 ngens
1135 3337 1241 3387 addidit
1259 3336 1292 3388 s’
1312 3333 1326 3406 Η
1352 3338 1429 3406 cqui-

320 3419 471 3471 noctialem
491 3423 511 3470 8
532 3417 545 3490 Η
565 3421 582 3474 3
600 3419 645 3472 leo
664 3423 685 3471 S
704 3416 718 3488 Η
738 3417 757 3471 4
775 3416 866 3470 exorti
885 3417 1042 3487 capricorni
1059 3422 1081 3472 8
1101 3418 1114 3491 Η
1135 3423 1152 3475 9
1170 3422 1216 3491 p⁹t
1233 3426 1255 3474 8
1274 3424 1287 3493 Η
1309 3423 1431 3477 stelles

322 3521 336 3594 Η
356 3499 407 3590 iili
425 3528 445 3576 8
470 3523 484 3594 Η
509 3541 591 3594 qnam
609 3527 706 3591 scripsi
731 3521 744 3594 Η
771 3525 805 3578 10
824 3522 982 3593 appellatur
999 3526 1025 3617 S·
1047 3523 1059 3593 Η
1085 3525 1260 3595 perambulat
1278 3533 1376 3596 scripsi
1396 3550 1432 3582 un

321 3659 373 3715 per
392 3660 473 3713 quem
492 3644 536 3698 sol
555 3643 731 3714 appellitur?
751 3642 764 3713 Η
785 3620 829 3697 xii
848 3649 869 3697 S
889 3643 903 3715 Η
924 3640 970 3716 ipe
990 3620 1033 3699 xii
1052 3649 1073 3697 S
1090 3624 1107 3716 Η
1133 3648 1166 3702 11
1187 3652 1274 3700 Germ.
1289 3656 1431 3702 481-489

321 3734 342 3782 8
364 3731 376 3798 Η
397 3732 431 3785 12
450 3735 515 3783 Istat.
529 3750 555 3783 n.
568 3748 623 3783 rer.
638 3735 735 3783 xxm
747 3738 779 3785 3:
798 3731 880 3786 Haec
898 3737 991 3786 autern
1005 3731 1099 3787 sidera
1111 3735 1233 3788 errantia
1246 3735 1431 3805 appellantur,

321 3832 377 3870 non
390 3817 465 3885 quod
484 3818 548 3888 ipsa
561 3822 661 3882 errent,
681 3817 732 3870 aad
747 3818 822 3887 quod
834 3834 887 3873 nos
901 3835 994 3873 errare
1007 3819 1121 3886 faciant,
1142 3837 1213 3890 qnae
1228 3821 1318 3877 sidera
1330 3837 1433 3891 graece

320 3902 451 3974 planetae
471 3904 599 3958 dicuntur
619 3904 633 3975 Η
653 3907 687 3960 13
706 3916 822 3959 aereus
842 3906 855 3975 Η
877 3906 938 3973 Qua
957 3921 1040 3974 greco
1059 3907 1223 3977 planetes-5
1244 3907 1257 3976 Η
1278 3908 1314 3963 14
1330 3908 1434 3979 sydera

321 3994 342 4041 8
363 3991 377 4059 Η
397 3992 430 4046 15
448 3992 601 4062 ipsocorr.
616 4010 651 4044 em
669 3993 732 4063 ipso
751 3996 772 4044 S
792 3992 806 4063 Η

196 4107 203 4115 “
284 4119 308 4168 G
356 4113 389 4166 17
408 4094 571 4182 apellant&
590 4113 604 4183 Η
625 4115 659 4169 18
677 4113 933 4183 equinoctialemdl
953 4111 966 4182 Η
985 4115 1020 4168 20
1039 4098 1215 4184 capricornio
1231 4115 1346 4169 oranti
1360 4135 1431 4172 corr.

324 4196 360 4251 Gi
387 4198 399 4268 Η
426 4194 517 4254 23111
537 4221 587 4254 om.
608 4198 725 4254 GGWGM
751 4199 764 4271 Η
789 4199 1018 4257 ANTEOANIS
1040 4204 1105 4257 &Ga
1125 4222 1174 4255 om.
1197 4201 1233 4256 6¹⁶
1254 4201 1268 4277 Η
1288 4207 1431 4273 irnnpr'nenr

320 4287 480 4354 subirrnpunt
500 4306 589 4340 omnes
611 4285 624 4358 Η
