<?xml version="1.0" encoding="UTF-8"?>
<!DOCTYPE html PUBLIC "-//W3C//DTD XHTML 1.0 Transitional//EN"
    "http://www.w3.org/TR/xhtml1/DTD/xhtml1-transitional.dtd">
<html xmlns="http://www.w3.org/1999/xhtml" xml:lang="en" lang="en">
 <head>
  <title>
</title>
<meta http-equiv="Content-Type" content="text/html;charset=utf-8" />
  <meta name='ocr-system' content='tesseract 3.04.00' />
  <meta name='ocr-capabilities' content='ocr_page ocr_carea ocr_par ocr_line ocrx_word'/>
</head>
<body>
  <div class='ocr_page' id='page_1' title='image "./germanicicaesar01breygoog_0138.png"; bbox 0 0 3254 5202; ppageno 0'>
   <div class='ocr_carea' id='block_1_1' title="bbox 654 530 865 602">
    <p class='ocr_par' dir='ltr' id='par_1_1' title="bbox 654 530 865 602">
     <span class='ocr_line' id='line_1_1' title="bbox 654 530 865 602; baseline -0.005 -21"><span class='ocrx_word' id='word_1_1' title='bbox 654 530 865 602; x_wconf 64' lang='grc'>..85-</span> 
     </span>
    </p>
   </div>
   <div class='ocr_carea' id='block_1_2' title="bbox 203 700 1395 2873">
    <p class='ocr_par' dir='ltr' id='par_1_2' title="bbox 205 700 1339 1317">
     <span class='ocr_line' id='line_1_2' title="bbox 207 700 1305 787; baseline 0 -17"><span class='ocrx_word' id='word_1_2' title='bbox 207 721 341 786; x_wconf 88' lang='lat' dir='ltr'>eamque</span> <span class='ocrx_word' id='word_1_3' title='bbox 363 700 503 768; x_wconf 76' lang='lat' dir='ltr'>edidisse</span> <span class='ocrx_word' id='word_1_4' title='bbox 521 722 630 781; x_wconf 86' lang='lat' dir='ltr'>ouum,</span> <span class='ocrx_word' id='word_1_5' title='bbox 654 700 740 768; x_wconf 91' lang='lat' dir='ltr'>unde</span> <span class='ocrx_word' id='word_1_6' title='bbox 763 707 840 767; x_wconf 82' lang='lat' dir='ltr'>nata</span> <span class='ocrx_word' id='word_1_7' title='bbox 856 702 901 768; x_wconf 75' lang='lat' dir='ltr'>vsit</span> <span class='ocrx_word' id='word_1_8' title='bbox 917 702 1051 769; x_wconf 88' lang='lat' dir='ltr'>Helena.</span> <span class='ocrx_word' id='word_1_9' title='bbox 1076 704 1132 768; x_wconf 87' lang='lat' dir='ltr'>sed</span> <span class='ocrx_word' id='word_1_10' title='bbox 1156 706 1305 787; x_wconf 87' lang='lat' dir='ltr'>quoniam</span> 
     </span>
     <span class='ocr_line' id='line_1_3' title="bbox 205 810 1304 898; baseline 0.003 -20"><span class='ocrx_word' id='word_1_11' title='bbox 205 813 349 898; x_wconf 89' lang='lat' dir='ltr'>luppiter</span> <span class='ocrx_word' id='word_1_12' title='bbox 370 831 478 877; x_wconf 91' lang='lat' dir='ltr'>rursus</span> <span class='ocrx_word' id='word_1_13' title='bbox 504 810 538 876; x_wconf 88' lang='lat' dir='ltr'>in</span> <span class='ocrx_word' id='word_1_14' title='bbox 565 810 688 877; x_wconf 87' lang='lat' dir='ltr'>caelum</span> <span class='ocrx_word' id='word_1_15' title='bbox 715 812 749 875; x_wconf 92' lang='lat' dir='ltr'>iu</span> <span class='ocrx_word' id='word_1_16' title='bbox 776 817 912 896; x_wconf 79' lang='lat' dir='ltr'><strong>cygnum</strong></span> <span class='ocrx_word' id='word_1_17' title='bbox 936 811 1177 897; x_wconf 83' lang='lat' dir='ltr'>transfiguratus</span> <span class='ocrx_word' id='word_1_18' title='bbox 1199 835 1234 881; x_wconf 87' lang='lat' dir='ltr'>se</span> <span class='ocrx_word' id='word_1_19' title='bbox 1255 835 1304 882; x_wconf 90' lang='lat' dir='ltr'>re·</span> 
     </span>
     <span class='ocr_line' id='line_1_4' title="bbox 207 919 1304 1006; baseline 0.001 -18"><span class='ocrx_word' id='word_1_20' title='bbox 207 927 342 1006; x_wconf 88' lang='lat' dir='ltr'>ceperat,</span> <span class='ocrx_word' id='word_1_21' title='bbox 365 926 400 986; x_wconf 89' lang='lat' dir='ltr'>ut</span> <span class='ocrx_word' id='word_1_22' title='bbox 421 919 482 985; x_wconf 85' lang='lat' dir='ltr'>fuit</span> <span class='ocrx_word' id='word_1_23' title='bbox 501 922 614 1005; x_wconf 90' lang='lat' dir='ltr'>pennis</span> <span class='ocrx_word' id='word_1_24' title='bbox 628 921 731 1000; x_wconf 82' lang='lat' dir='ltr'>tentis,</span> <span class='ocrx_word' id='word_1_25' title='bbox 756 920 959 987; x_wconf 71' lang='lat' dir='ltr'>simulacrum</span> <span class='ocrx_word' id='word_1_26' title='bbox 983 922 1052 987; x_wconf 90' lang='lat' dir='ltr'>eius</span> <span class='ocrx_word' id='word_1_27' title='bbox 1073 922 1233 989; x_wconf 78' lang='lat' dir='ltr'>sideribus</span> <span class='ocrx_word' id='word_1_28' title='bbox 1255 945 1304 990; x_wconf 86' lang='lat' dir='ltr'>re-</span> 
     </span>
     <span class='ocr_line' id='line_1_5' title="bbox 206 1030 1303 1116; baseline 0.001 -19"><span class='ocrx_word' id='word_1_29' title='bbox 206 1031 315 1114; x_wconf 90' lang='lat' dir='ltr'>liquid.</span> <span class='ocrx_word' id='word_1_30' title='bbox 350 1031 446 1097; x_wconf 87' lang='lat' dir='ltr'>habet</span> <span class='ocrx_word' id='word_1_31' title='bbox 473 1030 599 1097; x_wconf 89' lang='lat' dir='ltr'>stellam</span> <span class='ocrx_word' id='word_1_32' title='bbox 627 1031 662 1095; x_wconf 93' lang='lat' dir='ltr'>in</span> <span class='ocrx_word' id='word_1_33' title='bbox 689 1031 791 1115; x_wconf 87' lang='lat' dir='ltr'>capite</span> <span class='ocrx_word' id='word_1_34' title='bbox 819 1031 937 1095; x_wconf 90' lang='lat' dir='ltr'>claram</span> <span class='ocrx_word' id='word_1_35' title='bbox 960 1054 982 1109; x_wconf 85' lang='lat'>1,</span> <span class='ocrx_word' id='word_1_36' title='bbox 1011 1030 1045 1095; x_wconf 91' lang='lat' dir='ltr'>in</span> <span class='ocrx_word' id='word_1_37' title='bbox 1070 1032 1132 1098; x_wconf 90' lang='lat' dir='ltr'>alis</span> <span class='ocrx_word' id='word_1_38' title='bbox 1162 1033 1303 1116; x_wconf 87' lang='lat' dir='ltr'>utrisque</span> 
     </span>
     <span class='ocr_line' id='line_1_6' title="bbox 208 1140 1339 1226; baseline 0.001 -20"><span class='ocrx_word' id='word_1_39' title='bbox 208 1141 330 1225; x_wconf 88' lang='lat' dir='ltr'>quinas,</span> <span class='ocrx_word' id='word_1_40' title='bbox 352 1142 575 1226; x_wconf 88' lang='lat' dir='ltr'>incorporer,</span> <span class='ocrx_word' id='word_1_41' title='bbox 597 1140 631 1205; x_wconf 90' lang='lat' dir='ltr'>in</span> <span class='ocrx_word' id='word_1_42' title='bbox 654 1141 901 1226; x_wconf 83' lang='lat' dir='ltr'>cauda1,·quae</span> <span class='ocrx_word' id='word_1_43' title='bbox 923 1147 971 1207; x_wconf 93' lang='lat' dir='ltr'>est</span> <span class='ocrx_word' id='word_1_44' title='bbox 993 1141 1301 1225; x_wconf 86' lang='lat' dir='ltr'>amplissima.iiunt</span> <span class='ocrx_word' id='word_1_45' title='bbox 1328 1170 1339 1207; x_wconf 77' lang='lat' dir='ltr'>c</span> 
     </span>
     <span class='ocr_line' id='line_1_7' title="bbox 208 1271 407 1317; baseline 0 -1"><span class='ocrx_word' id='word_1_46' title='bbox 208 1271 317 1317; x_wconf 68' lang='lat' dir='ltr'>Omnes</span> <span class='ocrx_word' id='word_1_47' title='bbox 338 1274 407 1316; x_wconf 84' lang='lat' dir='ltr'>xm.</span> 
     </span>
    </p>

    <p class='ocr_par' dir='ltr' id='par_1_3' title="bbox 292 1359 577 1447">
     <span class='ocr_line' id='line_1_8' title="bbox 292 1359 577 1447; baseline -0.011 -19"><span class='ocrx_word' id='word_1_48' title='bbox 292 1361 419 1428; x_wconf 88' lang='lat' dir='ltr'>Oceano</span> <span class='ocrx_word' id='word_1_49' title='bbox 443 1359 577 1447; x_wconf 86' lang='lat' dir='ltr'>mersus]</span> 
     </span>
    </p>

    <p class='ocr_par' dir='ltr' id='par_1_4' title="bbox 203 1469 1395 2873">
     <span class='ocr_line' id='line_1_9' title="bbox 290 1469 1304 1554; baseline 0.003 -19"><span class='ocrx_word' id='word_1_50' title='bbox 290 1471 351 1536; x_wconf 89' lang='lat' dir='ltr'>Hic</span> <span class='ocrx_word' id='word_1_51' title='bbox 371 1488 488 1535; x_wconf 89' lang='lat' dir='ltr'>nomen</span> <span class='ocrx_word' id='word_1_52' title='bbox 515 1469 676 1553; x_wconf 84' lang='lat' dir='ltr'>accepisse</span> <span class='ocrx_word' id='word_1_53' title='bbox 703 1469 831 1550; x_wconf 88' lang='lat' dir='ltr'>dicitur,</span> <span class='ocrx_word' id='word_1_54' title='bbox 855 1471 940 1554; x_wconf 86' lang='lat' dir='ltr'>quod</span> <span class='ocrx_word' id='word_1_55' title='bbox 962 1472 1030 1537; x_wconf 89' lang='lat' dir='ltr'>eius</span> <span class='ocrx_word' id='word_1_56' title='bbox 1053 1477 1165 1539; x_wconf 85' lang='lat' dir='ltr'>exortu</span> <span class='ocrx_word' id='word_1_57' title='bbox 1185 1472 1304 1539; x_wconf 79' lang='lat' dir='ltr'>imbres</span> 
     </span>
     <span class='ocr_line' id='line_1_10' title="bbox 205 1578 1303 1667; baseline 0.002 -22"><span class='ocrx_word' id='word_1_58' title='bbox 205 1579 332 1666; x_wconf 87' lang='lat' dir='ltr'>plurimi</span> <span class='ocrx_word' id='word_1_59' title='bbox 353 1578 439 1644; x_wconf 88' lang='lat' dir='ltr'>fiant.</span> <span class='ocrx_word' id='word_1_60' title='bbox 473 1578 600 1661; x_wconf 88' lang='lat' dir='ltr'>quidam</span> <span class='ocrx_word' id='word_1_61' title='bbox 622 1579 733 1643; x_wconf 89' lang='lat' dir='ltr'>uolunt</span> <span class='ocrx_word' id='word_1_62' title='bbox 755 1580 975 1667; x_wconf 78' lang='lat' dir='ltr'>Ganymedem</span> <span class='ocrx_word' id='word_1_63' title='bbox 1004 1601 1075 1646; x_wconf 92' lang='lat' dir='ltr'>eum</span> <span class='ocrx_word' id='word_1_64' title='bbox 1098 1600 1168 1647; x_wconf 88' lang='lat' dir='ltr'>esse</span> <span class='ocrx_word' id='word_1_65' title='bbox 1185 1630 1193 1646; x_wconf 87' lang='lat'><strong>.</strong></span> <span class='ocrx_word' id='word_1_66' title='bbox 1209 1602 1303 1666; x_wconf 90' lang='lat' dir='ltr'>quem</span> 
     </span>
     <span class='ocr_line' id='line_1_11' title="bbox 205 1685 1342 1774; baseline 0.004 -19"><span class='ocrx_word' id='word_1_67' title='bbox 205 1691 371 1774; x_wconf 76' lang='lat' dir='ltr'>figuratum</span> <span class='ocrx_word' id='word_1_68' title='bbox 401 1689 434 1753; x_wconf 92' lang='lat' dir='ltr'>in</span> <span class='ocrx_word' id='word_1_69' title='bbox 462 1685 669 1754; x_wconf 87' lang='lat' dir='ltr'>ministerium</span> <span class='ocrx_word' id='word_1_70' title='bbox 697 1690 853 1754; x_wconf 87' lang='lat' dir='ltr'>eenochoi</span> <span class='ocrx_word' id='word_1_71' title='bbox 874 1695 905 1757; x_wconf 89' lang='lat' dir='ltr'>et</span> <span class='ocrx_word' id='word_1_72' title='bbox 928 1692 1014 1774; x_wconf 87' lang='lat' dir='ltr'>quod</span> <span class='ocrx_word' id='word_1_73' title='bbox 1034 1691 1145 1757; x_wconf 91' lang='lat' dir='ltr'>imbris</span> <span class='ocrx_word' id='word_1_74' title='bbox 1165 1691 1342 1760; x_wconf 73' lang='lat' dir='ltr'>infunditis</span> 
     </span>
     <span class='ocr_line' id='line_1_12' title="bbox 206 1796 1304 1888; baseline 0.001 -22"><span class='ocrx_word' id='word_1_75' title='bbox 206 1820 263 1867; x_wconf 91' lang='lat' dir='ltr'>suo</span> <span class='ocrx_word' id='word_1_76' title='bbox 292 1798 398 1865; x_wconf 88' lang='lat' dir='ltr'>sidere</span> <span class='ocrx_word' id='word_1_77' title='bbox 421 1805 530 1864; x_wconf 87' lang='lat' dir='ltr'>nectar</span> <span class='ocrx_word' id='word_1_78' title='bbox 556 1796 628 1862; x_wconf 90' lang='lat' dir='ltr'>dici.</span> <span class='ocrx_word' id='word_1_79' title='bbox 647 1798 760 1881; x_wconf 73' lang='lat' dir='ltr'>vbabet</span> <span class='ocrx_word' id='word_1_80' title='bbox 785 1799 896 1866; x_wconf 85' lang='lat' dir='ltr'>stellas</span> <span class='ocrx_word' id='word_1_81' title='bbox 924 1801 1108 1884; x_wconf 88' lang='lat' dir='ltr'>aquarius</span> <span class='ocrx_word' id='word_1_82' title='bbox 1129 1825 1218 1888; x_wconf 83' lang='lat' dir='ltr'>xvm,</span> <span class='ocrx_word' id='word_1_83' title='bbox 1246 1801 1304 1867; x_wconf 90' lang='lat' dir='ltr'>sed</span> 
     </span>
     <span class='ocr_line' id='line_1_13' title="bbox 204 1908 1303 2001; baseline 0.002 -27"><span class='ocrx_word' id='word_1_84' title='bbox 204 1909 304 1974; x_wconf 81' lang='lat' dir='ltr'>fusio</span> <span class='ocrx_word' id='word_1_85' title='bbox 326 1927 447 1991; x_wconf 91' lang='lat' dir='ltr'>aquae</span> <span class='ocrx_word' id='word_1_86' title='bbox 462 1908 497 1972; x_wconf 88' lang='lat' dir='ltr'>iit</span> <span class='ocrx_word' id='word_1_87' title='bbox 511 1927 549 1972; x_wconf 86' lang='lat' dir='ltr'>ex</span> <span class='ocrx_word' id='word_1_88' title='bbox 565 1908 665 1973; x_wconf 88' lang='lat' dir='ltr'>stellis</span> <span class='ocrx_word' id='word_1_89' title='bbox 680 1930 773 2001; x_wconf 65' lang='lat' dir='ltr'>xqu</span> <span class='ocrx_word' id='word_1_90' title='bbox 791 1910 962 1992; x_wconf 82' lang='lat' dir='ltr'>exquibus</span> <span class='ocrx_word' id='word_1_91' title='bbox 984 1911 1068 1978; x_wconf 87' lang='lat' dir='ltr'>duae</span> <span class='ocrx_word' id='word_1_92' title='bbox 1090 1912 1197 1978; x_wconf 89' lang='lat' dir='ltr'>clarae</span> <span class='ocrx_word' id='word_1_93' title='bbox 1221 1917 1303 1995; x_wconf 89' lang='lat' dir='ltr'>sunt,</span> 
     </span>
     <span class='ocr_line' id='line_1_14' title="bbox 205 2017 1302 2104; baseline 0.001 -20"><span class='ocrx_word' id='word_1_94' title='bbox 205 2017 348 2100; x_wconf 85' lang='lat' dir='ltr'>reliquae</span> <span class='ocrx_word' id='word_1_95' title='bbox 369 2020 526 2084; x_wconf 77' lang='lat' dir='ltr'>obscuros.</span> <span class='ocrx_word' id='word_1_96' title='bbox 556 2019 704 2104; x_wconf 77' lang='lat' dir='ltr'>Nigidius</span> <span class='ocrx_word' id='word_1_97' title='bbox 730 2019 978 2103; x_wconf 85' lang='lat' dir='ltr'>hydrochoea</span> <span class='ocrx_word' id='word_1_98' title='bbox 1006 2022 1074 2087; x_wconf 89' lang='lat' dir='ltr'>siue</span> <span class='ocrx_word' id='word_1_99' title='bbox 1102 2020 1302 2104; x_wconf 86' lang='lat' dir='ltr'>aquarium</span> 
     </span>
     <span class='ocr_line' id='line_1_15' title="bbox 205 2127 1303 2216; baseline 0.004 -23"><span class='ocrx_word' id='word_1_100' title='bbox 205 2127 363 2201; x_wconf 86' lang='lat' dir='ltr'>existimat</span> <span class='ocrx_word' id='word_1_101' title='bbox 389 2146 462 2210; x_wconf 86' lang='lat' dir='ltr'>esse</span> <span class='ocrx_word' id='word_1_102' title='bbox 484 2128 710 2195; x_wconf 79' lang='lat' dir='ltr'>Deucalionem</span> <span class='ocrx_word' id='word_1_103' title='bbox 734 2127 938 2216; x_wconf 77' lang='lat' dir='ltr'>Thessalum,</span> <span class='ocrx_word' id='word_1_104' title='bbox 970 2131 1024 2213; x_wconf 94' lang='lat' dir='ltr'>qui</span> <span class='ocrx_word' id='word_1_105' title='bbox 1051 2132 1190 2197; x_wconf 84' lang='lat' dir='ltr'>maximo</span> <span class='ocrx_word' id='word_1_106' title='bbox 1219 2137 1303 2197; x_wconf 89' lang='lat' dir='ltr'>cata-</span> 
     </span>
     <span class='ocr_line' id='line_1_16' title="bbox 204 2236 1395 2326; baseline 0.009 -23"><span class='ocrx_word' id='word_1_107' title='bbox 204 2238 324 2324; x_wconf 84' lang='lat' dir='ltr'>clysmo</span> <span class='ocrx_word' id='word_1_108' title='bbox 346 2236 444 2302; x_wconf 83' lang='lat' dir='ltr'>fertur</span> <span class='ocrx_word' id='word_1_109' title='bbox 465 2237 592 2303; x_wconf 88' lang='lat' dir='ltr'>relictus</span> <span class='ocrx_word' id='word_1_110' title='bbox 614 2258 683 2303; x_wconf 89' lang='lat' dir='ltr'>cum</span> <span class='ocrx_word' id='word_1_111' title='bbox 707 2257 806 2304; x_wconf 82' lang='lat' dir='ltr'>uxore</span> <span class='ocrx_word' id='word_1_112' title='bbox 827 2238 958 2324; x_wconf 87' lang='lat' dir='ltr'>Pyrrha.</span> <span class='ocrx_word' id='word_1_113' title='bbox 983 2246 1014 2306; x_wconf 86' lang='lat' dir='ltr'>et</span> <span class='ocrx_word' id='word_1_114' title='bbox 1034 2248 1244 2326; x_wconf 84' lang='lat' dir='ltr'>posteaquam</span> <span class='ocrx_word' id='word_1_115' title='bbox 1266 2256 1340 2312; x_wconf 77' lang='lat' dir='ltr'>sea</span> <span class='ocrx_word' id='word_1_116' title='bbox 1391 2310 1395 2313; x_wconf 84' lang='lat'><em>.</em></span> 
     </span>
     <span class='ocr_line' id='line_1_17' title="bbox 205 2348 1303 2435; baseline 0 -19"><span class='ocrx_word' id='word_1_117' title='bbox 205 2354 237 2416; x_wconf 89' lang='lat' dir='ltr'>et</span> <span class='ocrx_word' id='word_1_118' title='bbox 258 2367 389 2413; x_wconf 82' lang='lat' dir='ltr'>uxorem</span> <span class='ocrx_word' id='word_1_119' title='bbox 410 2364 500 2413; x_wconf 78' lang='lat' dir='ltr'>summ</span> <span class='ocrx_word' id='word_1_120' title='bbox 522 2348 556 2412; x_wconf 92' lang='lat' dir='ltr'>in</span> <span class='ocrx_word' id='word_1_121' title='bbox 578 2352 662 2413; x_wconf 90' lang='lat' dir='ltr'>terra</span> <span class='ocrx_word' id='word_1_122' title='bbox 683 2348 811 2414; x_wconf 89' lang='lat' dir='ltr'>relictos</span> <span class='ocrx_word' id='word_1_123' title='bbox 833 2349 932 2414; x_wconf 90' lang='lat' dir='ltr'>sensit</span> <span class='ocrx_word' id='word_1_124' title='bbox 954 2352 1184 2435; x_wconf 88' lang='lat' dir='ltr'>orbitatemque</span> <span class='ocrx_word' id='word_1_125' title='bbox 1205 2352 1303 2418; x_wconf 89' lang='lat' dir='ltr'>uasti-</span> 
     </span>
     <span class='ocr_line' id='line_1_18' title="bbox 204 2456 1303 2546; baseline 0.004 -24"><span class='ocrx_word' id='word_1_126' title='bbox 204 2458 278 2524; x_wconf 81' lang='lat' dir='ltr'>tatis</span> <span class='ocrx_word' id='word_1_127' title='bbox 299 2456 468 2523; x_wconf 87' lang='lat' dir='ltr'>miseratus</span> <span class='ocrx_word' id='word_1_128' title='bbox 487 2457 528 2521; x_wconf 86' lang='lat' dir='ltr'>ab</span> <span class='ocrx_word' id='word_1_129' title='bbox 544 2457 765 2523; x_wconf 86' lang='lat' dir='ltr'>inmortalibus</span> <span class='ocrx_word' id='word_1_130' title='bbox 786 2458 912 2542; x_wconf 90' lang='lat' dir='ltr'>precari</span> <span class='ocrx_word' id='word_1_131' title='bbox 934 2459 1047 2544; x_wconf 89' lang='lat' dir='ltr'>coepit,</span> <span class='ocrx_word' id='word_1_132' title='bbox 1063 2465 1097 2524; x_wconf 90' lang='lat' dir='ltr'>ut</span> <span class='ocrx_word' id='word_1_133' title='bbox 1112 2466 1167 2525; x_wconf 88' lang='lat' dir='ltr'>aut</span> <span class='ocrx_word' id='word_1_134' title='bbox 1189 2467 1220 2526; x_wconf 87' lang='lat' dir='ltr'>et</span> <span class='ocrx_word' id='word_1_135' title='bbox 1240 2462 1303 2546; x_wconf 89' lang='lat' dir='ltr'>ipsi</span> 
     </span>
     <span class='ocr_line' id='line_1_19' title="bbox 203 2565 1302 2655; baseline 0.003 -23"><span class='ocrx_word' id='word_1_136' title='bbox 203 2566 368 2632; x_wconf 87' lang='lat' dir='ltr'>interirent</span> <span class='ocrx_word' id='word_1_137' title='bbox 390 2571 445 2630; x_wconf 88' lang='lat' dir='ltr'>aut</span> <span class='ocrx_word' id='word_1_138' title='bbox 460 2565 629 2631; x_wconf 75' lang='lat' dir='ltr'>‘hominum</span> <span class='ocrx_word' id='word_1_139' title='bbox 643 2586 745 2651; x_wconf 81' lang='lat' dir='ltr'>genus</span> <span class='ocrx_word' id='word_1_140' title='bbox 766 2568 991 2647; x_wconf 86' lang='lat' dir='ltr'>restitueretur,</span> <span class='ocrx_word' id='word_1_141' title='bbox 1014 2569 1154 2653; x_wconf 90' lang='lat' dir='ltr'>Iuppiter</span> <span class='ocrx_word' id='word_1_142' title='bbox 1174 2590 1302 2655; x_wconf 89' lang='lat' dir='ltr'>respon-</span> 
     </span>
     <span class='ocr_line' id='line_1_20' title="bbox 205 2674 1302 2765; baseline 0.005 -25"><span class='ocrx_word' id='word_1_143' title='bbox 205 2696 274 2740; x_wconf 90' lang='lat' dir='ltr'>sum</span> <span class='ocrx_word' id='word_1_144' title='bbox 300 2675 329 2740; x_wconf 91' lang='lat' dir='ltr'>ei</span> <span class='ocrx_word' id='word_1_145' title='bbox 355 2694 412 2759; x_wconf 86' lang='lat' dir='ltr'>per</span> <span class='ocrx_word' id='word_1_146' title='bbox 438 2680 555 2740; x_wconf 90' lang='lat' dir='ltr'>sortem</span> <span class='ocrx_word' id='word_1_147' title='bbox 579 2674 745 2755; x_wconf 88' lang='lat' dir='ltr'>iudicauit,</span> <span class='ocrx_word' id='word_1_148' title='bbox 773 2677 821 2765; x_wconf 77' lang='lat' dir='ltr'>uti</span> <span class='ocrx_word' id='word_1_149' title='bbox 843 2676 972 2761; x_wconf 87' lang='lat' dir='ltr'>lapides</span> <span class='ocrx_word' id='word_1_150' title='bbox 1001 2698 1081 2761; x_wconf 89' lang='lat' dir='ltr'>quos</span> <span class='ocrx_word' id='word_1_151' title='bbox 1104 2684 1177 2745; x_wconf 90' lang='lat' dir='ltr'>aute</span> <span class='ocrx_word' id='word_1_152' title='bbox 1199 2699 1234 2745; x_wconf 90' lang='lat' dir='ltr'>se</span> <span class='ocrx_word' id='word_1_153' title='bbox 1254 2698 1302 2746; x_wconf 91' lang='lat' dir='ltr'>re·</span> 
     </span>
     <span class='ocr_line' id='line_1_21' title="bbox 205 2783 1340 2873; baseline 0.011 -24"><span class='ocrx_word' id='word_1_154' title='bbox 205 2783 361 2867; x_wconf 88' lang='lat' dir='ltr'>perissent</span> <span class='ocrx_word' id='word_1_155' title='bbox 381 2792 454 2870; x_wconf 87' lang='lat' dir='ltr'>post</span> <span class='ocrx_word' id='word_1_156' title='bbox 475 2805 509 2850; x_wconf 92' lang='lat' dir='ltr'>se</span> <span class='ocrx_word' id='word_1_157' title='bbox 531 2785 695 2852; x_wconf 87' lang='lat' dir='ltr'>iactarent.</span> <span class='ocrx_word' id='word_1_158' title='bbox 721 2784 842 2852; x_wconf 90' lang='lat' dir='ltr'>reuersi</span> <span class='ocrx_word' id='word_1_159' title='bbox 863 2785 972 2869; x_wconf 88' lang='lat' dir='ltr'>itaque</span> <span class='ocrx_word' id='word_1_160' title='bbox 994 2807 1157 2873; x_wconf 86' lang='lat' dir='ltr'>quosquos</span> <span class='ocrx_word' id='word_1_161' title='bbox 1178 2791 1302 2858; x_wconf 87' lang='lat' dir='ltr'>Deuca-</span> <span class='ocrx_word' id='word_1_162' title='bbox 1314 2821 1340 2861; x_wconf 78' lang='lat'>20</span> 
     </span>
    </p>
   </div>
   <div class='ocr_carea' id='block_1_3' title="bbox 202 3051 1302 4086">
    <p class='ocr_par' dir='ltr' id='par_1_5' title="bbox 202 3051 1302 4086">
     <span class='ocr_line' id='line_1_22' title="bbox 206 3051 1301 3129; baseline 0 -17"><span class='ocrx_word' id='word_1_163' title='bbox 206 3058 220 3112; x_wconf 94' lang='lat'>1</span> <span class='ocrx_word' id='word_1_164' title='bbox 239 3057 305 3110; x_wconf 86' lang='lat' dir='ltr'>nata</span> <span class='ocrx_word' id='word_1_165' title='bbox 322 3071 390 3129; x_wconf 77' lang='lat' dir='ltr'>corr.</span> <span class='ocrx_word' id='word_1_166' title='bbox 404 3070 440 3106; x_wconf 78' lang='lat' dir='ltr'>ec</span> <span class='ocrx_word' id='word_1_167' title='bbox 457 3055 538 3106; x_wconf 89' lang='lat' dir='ltr'>natus</span> <span class='ocrx_word' id='word_1_168' title='bbox 558 3055 578 3104; x_wconf 79' lang='grc' dir='ltr'><em>Α</em></span> <span class='ocrx_word' id='word_1_169' title='bbox 601 3051 614 3122; x_wconf 88' lang='grc' dir='ltr'>Η</span> <span class='ocrx_word' id='word_1_170' title='bbox 634 3053 651 3107; x_wconf 79' lang='grc'>2</span> <span class='ocrx_word' id='word_1_171' title='bbox 670 3052 778 3121; x_wconf 78' lang='lat' dir='ltr'>signum</span> <span class='ocrx_word' id='word_1_172' title='bbox 797 3057 819 3105; x_wconf 98' lang='lat' dir='ltr'><strong><em>P</em></strong></span> <span class='ocrx_word' id='word_1_173' title='bbox 838 3051 850 3124; x_wconf 90' lang='grc' dir='ltr'>Η</span> <span class='ocrx_word' id='word_1_174' title='bbox 870 3053 961 3109; x_wconf 77' lang='lat' dir='ltr'>fuerat</span> <span class='ocrx_word' id='word_1_175' title='bbox 978 3059 1082 3122; x_wconf 76' lang='lat' dir='ltr'>Popod</span> <span class='ocrx_word' id='word_1_176' title='bbox 1095 3072 1107 3110; x_wconf 84' lang='lat' dir='ltr'>s</span> <span class='ocrx_word' id='word_1_177' title='bbox 1120 3055 1153 3124; x_wconf 82' lang='lat' dir='ltr'>(l)</span> <span class='ocrx_word' id='word_1_178' title='bbox 1172 3054 1186 3128; x_wconf 91' lang='grc' dir='ltr'>Η</span> <span class='ocrx_word' id='word_1_179' title='bbox 1205 3058 1222 3113; x_wconf 88' lang='grc'><strong>3</strong></span> <span class='ocrx_word' id='word_1_180' title='bbox 1239 3059 1301 3112; x_wconf 84' lang='lat' dir='ltr'>ten·</span> 
     </span>
     <span class='ocr_line' id='line_1_23' title="bbox 204 3136 1300 3214; baseline 0.003 -17"><span class='ocrx_word' id='word_1_181' title='bbox 204 3147 250 3197; x_wconf 85' lang='lat' dir='ltr'>tus</span> <span class='ocrx_word' id='word_1_182' title='bbox 269 3146 290 3193; x_wconf 82' lang='lat' dir='ltr'><em>A</em></span> <span class='ocrx_word' id='word_1_183' title='bbox 312 3140 325 3211; x_wconf 93' lang='grc' dir='ltr'>Η</span> <span class='ocrx_word' id='word_1_184' title='bbox 345 3143 458 3194; x_wconf 88' lang='lat' dir='ltr'>utentus</span> <span class='ocrx_word' id='word_1_185' title='bbox 477 3144 500 3191; x_wconf 93' lang='lat' dir='ltr'><strong><em>P</em></strong></span> <span class='ocrx_word' id='word_1_186' title='bbox 522 3136 534 3210; x_wconf 95' lang='grc' dir='ltr'>Η</span> <span class='ocrx_word' id='word_1_187' title='bbox 560 3140 646 3194; x_wconf 87' lang='lat' dir='ltr'>tentis</span> <span class='ocrx_word' id='word_1_188' title='bbox 664 3144 761 3208; x_wconf 77' lang='lat' dir='ltr'>scripsi</span> <span class='ocrx_word' id='word_1_189' title='bbox 784 3140 798 3211; x_wconf 91' lang='grc' dir='ltr'>Η</span> <span class='ocrx_word' id='word_1_190' title='bbox 823 3141 904 3196; x_wconf 86' lang='lat' dir='ltr'>simul</span> <span class='ocrx_word' id='word_1_191' title='bbox 923 3144 1056 3197; x_wconf 78' lang='lat' dir='ltr'>acrumA</span> <span class='ocrx_word' id='word_1_192' title='bbox 1081 3139 1094 3212; x_wconf 96' lang='grc' dir='ltr'>Η</span> <span class='ocrx_word' id='word_1_193' title='bbox 1120 3159 1137 3209; x_wconf 77' lang='lat' dir='ltr'>a</span> <span class='ocrx_word' id='word_1_194' title='bbox 1154 3139 1300 3214; x_wconf 84' lang='lat' dir='ltr'>syderibus</span> 
     </span>
     <span class='ocr_line' id='line_1_24' title="bbox 205 3220 1300 3302; baseline 0.005 -20"><span class='ocrx_word' id='word_1_195' title='bbox 205 3234 226 3282; x_wconf 90' lang='lat' dir='ltr'><strong><em>P</em></strong></span> <span class='ocrx_word' id='word_1_196' title='bbox 245 3228 259 3300; x_wconf 96' lang='grc' dir='ltr'>Η</span> <span class='ocrx_word' id='word_1_197' title='bbox 278 3220 462 3284; x_wconf 64' lang='lat' dir='ltr'>4habens&#39;1l</span> <span class='ocrx_word' id='word_1_198' title='bbox 483 3224 496 3296; x_wconf 96' lang='grc' dir='ltr'>Η</span> <span class='ocrx_word' id='word_1_199' title='bbox 516 3225 597 3297; x_wconf 87' lang='lat' dir='ltr'>alisq.</span> <span class='ocrx_word' id='word_1_200' title='bbox 617 3232 639 3279; x_wconf 93' lang='lat' dir='ltr'><strong><em>P</em></strong></span> <span class='ocrx_word' id='word_1_201' title='bbox 657 3227 669 3296; x_wconf 93' lang='grc' dir='ltr'>Η</span> <span class='ocrx_word' id='word_1_202' title='bbox 690 3229 705 3282; x_wconf 81' lang='lat' dir='ltr'>&#39;l</span> <span class='ocrx_word' id='word_1_203' title='bbox 723 3234 886 3297; x_wconf 75' lang='lat' dir='ltr'>praecedam</span> <span class='ocrx_word' id='word_1_204' title='bbox 901 3234 989 3283; x_wconf 84' lang='lat' dir='ltr'>Germ.</span> <span class='ocrx_word' id='word_1_205' title='bbox 1009 3249 1034 3284; x_wconf 85' lang='lat' dir='ltr'>u.</span> <span class='ocrx_word' id='word_1_206' title='bbox 1046 3235 1100 3283; x_wconf 71' lang='lat'>887</span> <span class='ocrx_word' id='word_1_207' title='bbox 1109 3249 1148 3300; x_wconf 86' lang='lat' dir='ltr'>sq.</span> <span class='ocrx_word' id='word_1_208' title='bbox 1169 3229 1183 3302; x_wconf 96' lang='grc' dir='ltr'>Η</span> <span class='ocrx_word' id='word_1_209' title='bbox 1202 3233 1219 3288; x_wconf 88' lang='grc'>8</span> <span class='ocrx_word' id='word_1_210' title='bbox 1239 3233 1300 3288; x_wconf 80' lang='lat' dir='ltr'>Car.</span> 
     </span>
     <span class='ocr_line' id='line_1_25' title="bbox 204 3313 1302 3389; baseline 0.005 -20"><span class='ocrx_word' id='word_1_211' title='bbox 204 3321 297 3369; x_wconf 71' lang='lat' dir='ltr'>xxvi</span> <span class='ocrx_word' id='word_1_212' title='bbox 317 3321 385 3383; x_wconf 64' lang='lat'><strong><em>1199.</em></strong></span> <span class='ocrx_word' id='word_1_213' title='bbox 398 3318 426 3366; x_wconf 81' lang='lat' dir='ltr'><strong><em>P.</em></strong></span> <span class='ocrx_word' id='word_1_214' title='bbox 440 3317 472 3367; x_wconf 79' lang='grc' dir='ltr'>Α.</span> <span class='ocrx_word' id='word_1_215' title='bbox 485 3319 516 3365; x_wconf 87' lang='lat'>11</span> <span class='ocrx_word' id='word_1_216' title='bbox 524 3319 559 3366; x_wconf 74' lang='lat' dir='ltr'>ss</span> <span class='ocrx_word' id='word_1_217' title='bbox 571 3320 615 3366; x_wconf 88' lang='lat'>111</span> <span class='ocrx_word' id='word_1_218' title='bbox 624 3321 658 3368; x_wconf 83' lang='lat' dir='ltr'>ss</span> <span class='ocrx_word' id='word_1_219' title='bbox 676 3317 731 3384; x_wconf 72' lang='lat' dir='ltr'>fab.</span> <span class='ocrx_word' id='word_1_220' title='bbox 747 3325 797 3368; x_wconf 73' lang='lat' dir='ltr'>sss</span> <span class='ocrx_word' id='word_1_221' title='bbox 820 3313 834 3387; x_wconf 90' lang='grc' dir='ltr'>Η</span> <span class='ocrx_word' id='word_1_222' title='bbox 857 3316 915 3371; x_wconf 79' lang='lat' dir='ltr'>Irc</span> <span class='ocrx_word' id='word_1_223' title='bbox 932 3321 950 3371; x_wconf 73' lang='lat' dir='ltr'>t.</span> <span class='ocrx_word' id='word_1_224' title='bbox 964 3336 987 3373; x_wconf 80' lang='lat' dir='ltr'>e.</span> <span class='ocrx_word' id='word_1_225' title='bbox 1007 3322 1134 3386; x_wconf 65' lang='lat' dir='ltr'>aquaem</span> <span class='ocrx_word' id='word_1_226' title='bbox 1153 3315 1167 3389; x_wconf 88' lang='grc' dir='ltr'>Η</span> <span class='ocrx_word' id='word_1_227' title='bbox 1187 3334 1222 3373; x_wconf 86' lang='lat' dir='ltr'>ex</span> <span class='ocrx_word' id='word_1_228' title='bbox 1240 3323 1302 3375; x_wconf 88' lang='lat' dir='ltr'>ortu</span> 
     </span>
     <span class='ocr_line' id='line_1_26' title="bbox 203 3400 1301 3478; baseline 0.005 -21"><span class='ocrx_word' id='word_1_229' title='bbox 203 3410 225 3457; x_wconf 81' lang='lat' dir='ltr'><em>A</em></span> <span class='ocrx_word' id='word_1_230' title='bbox 247 3403 260 3476; x_wconf 91' lang='grc' dir='ltr'>Η</span> <span class='ocrx_word' id='word_1_231' title='bbox 280 3407 297 3460; x_wconf 89' lang='lat'><strong>9</strong></span> <span class='ocrx_word' id='word_1_232' title='bbox 315 3401 489 3473; x_wconf 82' lang='lat' dir='ltr'>ganimedem</span> <span class='ocrx_word' id='word_1_233' title='bbox 508 3406 530 3453; x_wconf 90' lang='lat' dir='ltr'><strong><em>P</em></strong></span> <span class='ocrx_word' id='word_1_234' title='bbox 548 3400 561 3472; x_wconf 94' lang='grc' dir='ltr'>Η</span> <span class='ocrx_word' id='word_1_235' title='bbox 589 3403 623 3458; x_wconf 91' lang='grc'>10</span> <span class='ocrx_word' id='word_1_236' title='bbox 640 3401 803 3456; x_wconf 78' lang='lat' dir='ltr'>mistrumA</span> <span class='ocrx_word' id='word_1_237' title='bbox 828 3401 842 3473; x_wconf 94' lang='grc' dir='ltr'>Η</span> <span class='ocrx_word' id='word_1_238' title='bbox 866 3404 1021 3460; x_wconf 85' lang='lat' dir='ltr'>ministrum</span> <span class='ocrx_word' id='word_1_239' title='bbox 1038 3410 1060 3458; x_wconf 92' lang='lat' dir='ltr'><strong><em>P</em></strong></span> <span class='ocrx_word' id='word_1_240' title='bbox 1083 3404 1097 3478; x_wconf 91' lang='grc' dir='ltr'>Η</span> <span class='ocrx_word' id='word_1_241' title='bbox 1121 3407 1301 3465; x_wconf 86' lang='lat' dir='ltr'>ministerium</span> 
     </span>
     <span class='ocr_line' id='line_1_27' title="bbox 202 3488 1302 3564; baseline 0.003 -20"><span class='ocrx_word' id='word_1_242' title='bbox 202 3496 298 3561; x_wconf 80' lang='lat' dir='ltr'>scripsi</span> <span class='ocrx_word' id='word_1_243' title='bbox 318 3488 331 3562; x_wconf 99' lang='grc' dir='ltr'>Η</span> <span class='ocrx_word' id='word_1_244' title='bbox 351 3490 454 3544; x_wconf 84' lang='lat' dir='ltr'>imbres</span> <span class='ocrx_word' id='word_1_245' title='bbox 468 3492 514 3541; x_wconf 85' lang='grc' dir='ltr'>ΑΡ</span> <span class='ocrx_word' id='word_1_246' title='bbox 531 3488 544 3559; x_wconf 96' lang='grc' dir='ltr'>Η</span> <span class='ocrx_word' id='word_1_247' title='bbox 564 3488 659 3555; x_wconf 75' lang='lat' dir='ltr'>imbris</span> <span class='ocrx_word' id='word_1_248' title='bbox 678 3493 774 3557; x_wconf 78' lang='lat' dir='ltr'>scripsi</span> <span class='ocrx_word' id='word_1_249' title='bbox 794 3488 808 3560; x_wconf 96' lang='grc' dir='ltr'>Η</span> <span class='ocrx_word' id='word_1_250' title='bbox 828 3492 860 3545; x_wconf 95' lang='grc'>11</span> <span class='ocrx_word' id='word_1_251' title='bbox 880 3491 979 3563; x_wconf 86' lang='lat' dir='ltr'>sydera</span> <span class='ocrx_word' id='word_1_252' title='bbox 999 3499 1021 3546; x_wconf 96' lang='lat' dir='ltr'><strong><em>P</em></strong></span> <span class='ocrx_word' id='word_1_253' title='bbox 1039 3491 1053 3564; x_wconf 95' lang='grc' dir='ltr'>Η</span> <span class='ocrx_word' id='word_1_254' title='bbox 1071 3504 1132 3562; x_wconf 80' lang='lat' dir='ltr'>post</span> <span class='ocrx_word' id='word_1_255' title='bbox 1151 3493 1242 3549; x_wconf 86' lang='lat' dir='ltr'>sidere</span> <span class='ocrx_word' id='word_1_256' title='bbox 1260 3498 1302 3547; x_wconf 88' lang='lat' dir='ltr'>lu-</span> 
     </span>
     <span class='ocr_line' id='line_1_28' title="bbox 204 3573 1301 3652; baseline 0.005 -20"><span class='ocrx_word' id='word_1_257' title='bbox 204 3598 285 3632; x_wconf 80' lang='lat' dir='ltr'>canos</span> <span class='ocrx_word' id='word_1_258' title='bbox 303 3582 404 3646; x_wconf 67' lang='lat' dir='ltr'>siquem</span> <span class='ocrx_word' id='word_1_259' title='bbox 424 3580 495 3646; x_wconf 77' lang='lat' dir='ltr'>apud</span> <span class='ocrx_word' id='word_1_260' title='bbox 513 3594 525 3629; x_wconf 86' lang='grc' dir='ltr'><em>ε</em></span> <span class='ocrx_word' id='word_1_261' title='bbox 546 3573 558 3646; x_wconf 95' lang='grc' dir='ltr'>Η</span> <span class='ocrx_word' id='word_1_262' title='bbox 579 3576 612 3630; x_wconf 81' lang='lat'>12</span> <span class='ocrx_word' id='word_1_263' title='bbox 634 3591 703 3645; x_wconf 78' lang='lat' dir='ltr'>sque</span> <span class='ocrx_word' id='word_1_264' title='bbox 722 3579 743 3627; x_wconf 86' lang='grc' dir='ltr'><em>Α</em></span> <span class='ocrx_word' id='word_1_265' title='bbox 765 3575 778 3647; x_wconf 96' lang='grc' dir='ltr'>Η</span> <span class='ocrx_word' id='word_1_266' title='bbox 799 3578 910 3633; x_wconf 80' lang='lat' dir='ltr'>extollis</span> <span class='ocrx_word' id='word_1_267' title='bbox 930 3583 951 3631; x_wconf 78' lang='lat' dir='ltr'><em>A</em></span> <span class='ocrx_word' id='word_1_268' title='bbox 972 3591 1040 3634; x_wconf 80' lang='lat' dir='ltr'>teste</span> <span class='ocrx_word' id='word_1_269' title='bbox 1059 3585 1157 3635; x_wconf 80' lang='lat' dir='ltr'>Kiessl.</span> <span class='ocrx_word' id='word_1_270' title='bbox 1178 3578 1193 3652; x_wconf 92' lang='grc' dir='ltr'>Η</span> <span class='ocrx_word' id='word_1_271' title='bbox 1212 3582 1301 3637; x_wconf 77' lang='lat' dir='ltr'>clares</span> 
     </span>
     <span class='ocr_line' id='line_1_29' title="bbox 204 3658 1300 3739; baseline 0.003 -21"><span class='ocrx_word' id='word_1_272' title='bbox 204 3670 225 3718; x_wconf 81' lang='grc' dir='ltr'><em>Α</em></span> <span class='ocrx_word' id='word_1_273' title='bbox 246 3664 260 3737; x_wconf 93' lang='grc' dir='ltr'>Η</span> <span class='ocrx_word' id='word_1_274' title='bbox 280 3665 354 3719; x_wconf 87' lang='lat' dir='ltr'>clare</span> <span class='ocrx_word' id='word_1_275' title='bbox 373 3669 396 3716; x_wconf 87' lang='lat' dir='ltr'><strong><em>P</em></strong></span> <span class='ocrx_word' id='word_1_276' title='bbox 414 3663 428 3734; x_wconf 92' lang='grc' dir='ltr'>Η</span> <span class='ocrx_word' id='word_1_277' title='bbox 447 3664 481 3719; x_wconf 86' lang='grc'>13</span> <span class='ocrx_word' id='word_1_278' title='bbox 499 3662 604 3731; x_wconf 88' lang='lat' dir='ltr'>relique</span> <span class='ocrx_word' id='word_1_279' title='bbox 623 3665 644 3712; x_wconf 84' lang='lat' dir='ltr'><em>A</em></span> <span class='ocrx_word' id='word_1_280' title='bbox 666 3658 680 3730; x_wconf 95' lang='grc' dir='ltr'>Η</span> <span class='ocrx_word' id='word_1_281' title='bbox 705 3662 841 3718; x_wconf 85' lang='lat' dir='ltr'>obscurae</span> <span class='ocrx_word' id='word_1_282' title='bbox 858 3669 963 3719; x_wconf 80' lang='lat' dir='ltr'>addidit</span> <span class='ocrx_word' id='word_1_283' title='bbox 982 3685 994 3720; x_wconf 83' lang='grc' dir='ltr'><em>ε</em></span> <span class='ocrx_word' id='word_1_284' title='bbox 1019 3665 1032 3738; x_wconf 91' lang='grc' dir='ltr'>Η</span> <span class='ocrx_word' id='word_1_285' title='bbox 1057 3667 1227 3738; x_wconf 86' lang='lat' dir='ltr'>hydrochoia</span> <span class='ocrx_word' id='word_1_286' title='bbox 1244 3673 1267 3721; x_wconf 81' lang='grc' dir='ltr'><em>Δ</em></span> <span class='ocrx_word' id='word_1_287' title='bbox 1286 3666 1300 3739; x_wconf 94' lang='grc' dir='ltr'>Η</span> 
     </span>
     <span class='ocr_line' id='line_1_30' title="bbox 202 3746 1300 3826; baseline 0 -16"><span class='ocrx_word' id='word_1_288' title='bbox 202 3753 365 3810; x_wconf 87' lang='lat' dir='ltr'>bidrochoia</span> <span class='ocrx_word' id='word_1_289' title='bbox 383 3757 406 3804; x_wconf 91' lang='lat' dir='ltr'><strong><em>P</em></strong></span> <span class='ocrx_word' id='word_1_290' title='bbox 423 3751 528 3803; x_wconf 76' lang='lat' dir='ltr'>correct</span> <span class='ocrx_word' id='word_1_291' title='bbox 549 3746 563 3817; x_wconf 93' lang='grc' dir='ltr'>Η</span> <span class='ocrx_word' id='word_1_292' title='bbox 583 3746 618 3801; x_wconf 85' lang='grc'>14</span> <span class='ocrx_word' id='word_1_293' title='bbox 635 3747 770 3804; x_wconf 86' lang='lat' dir='ltr'>thesalum</span> <span class='ocrx_word' id='word_1_294' title='bbox 789 3756 836 3803; x_wconf 81' lang='grc' dir='ltr'>ΑΡ</span> <span class='ocrx_word' id='word_1_295' title='bbox 854 3751 867 3822; x_wconf 93' lang='grc' dir='ltr'>Η</span> <span class='ocrx_word' id='word_1_296' title='bbox 887 3755 1049 3809; x_wconf 80' lang='lat' dir='ltr'>cataclismo</span> <span class='ocrx_word' id='word_1_297' title='bbox 1068 3759 1091 3806; x_wconf 88' lang='lat' dir='ltr'><strong><em>P</em></strong></span> <span class='ocrx_word' id='word_1_298' title='bbox 1108 3753 1121 3826; x_wconf 94' lang='grc' dir='ltr'>Η</span> <span class='ocrx_word' id='word_1_299' title='bbox 1146 3756 1180 3810; x_wconf 87' lang='grc'>15</span> <span class='ocrx_word' id='word_1_300' title='bbox 1198 3772 1300 3810; x_wconf 83' lang='lat' dir='ltr'>uxorae</span> 
     </span>
     <span class='ocr_line' id='line_1_31' title="bbox 203 3833 1301 3914; baseline 0.003 -19"><span class='ocrx_word' id='word_1_301' title='bbox 203 3859 284 3914; x_wconf 84' lang='lat' dir='ltr'>pyrra</span> <span class='ocrx_word' id='word_1_302' title='bbox 302 3846 325 3894; x_wconf 94' lang='lat' dir='ltr'><strong><em>P</em></strong></span> <span class='ocrx_word' id='word_1_303' title='bbox 342 3839 355 3911; x_wconf 93' lang='grc' dir='ltr'>Η</span> <span class='ocrx_word' id='word_1_304' title='bbox 375 3841 441 3910; x_wconf 87' lang='lat' dir='ltr'>post</span> <span class='ocrx_word' id='word_1_305' title='bbox 459 3853 520 3891; x_wconf 86' lang='lat' dir='ltr'>eam</span> <span class='ocrx_word' id='word_1_306' title='bbox 541 3851 621 3905; x_wconf 85' lang='lat' dir='ltr'>quam</span> <span class='ocrx_word' id='word_1_307' title='bbox 640 3838 662 3886; x_wconf 82' lang='lat' dir='ltr'><em>A</em></span> <span class='ocrx_word' id='word_1_308' title='bbox 688 3833 702 3905; x_wconf 91' lang='grc' dir='ltr'>Η</span> <span class='ocrx_word' id='word_1_309' title='bbox 726 3838 759 3892; x_wconf 89' lang='grc'>19</span> <span class='ocrx_word' id='word_1_310' title='bbox 777 3839 890 3894; x_wconf 88' lang='lat' dir='ltr'>relictus</span> <span class='ocrx_word' id='word_1_311' title='bbox 909 3845 931 3893; x_wconf 81' lang='lat' dir='ltr'><em>A</em></span> <span class='ocrx_word' id='word_1_312' title='bbox 953 3840 966 3912; x_wconf 92' lang='grc' dir='ltr'>Η</span> <span class='ocrx_word' id='word_1_313' title='bbox 987 3841 1097 3896; x_wconf 87' lang='lat' dir='ltr'>censuit</span> <span class='ocrx_word' id='word_1_314' title='bbox 1115 3845 1161 3895; x_wconf 81' lang='grc' dir='ltr'>ΑΡ</span> <span class='ocrx_word' id='word_1_315' title='bbox 1178 3841 1192 3914; x_wconf 92' lang='grc' dir='ltr'>Η</span> <span class='ocrx_word' id='word_1_316' title='bbox 1212 3843 1301 3898; x_wconf 85' lang='lat' dir='ltr'>sensit</span> 
     </span>
     <span class='ocr_line' id='line_1_32' title="bbox 204 3921 1300 4000; baseline 0.002 -18"><span class='ocrx_word' id='word_1_317' title='bbox 204 3949 298 3998; x_wconf 64' lang='grc' dir='ltr'>«φορτ.</span> <span class='ocrx_word' id='word_1_318' title='bbox 312 3931 404 3982; x_wconf 82' lang='lat' dir='ltr'>Berol.</span> <span class='ocrx_word' id='word_1_319' title='bbox 420 3936 487 3980; x_wconf 77' lang='lat' dir='ltr'>reste</span> <span class='ocrx_word' id='word_1_320' title='bbox 500 3922 554 3992; x_wconf 59' lang='lat' dir='ltr'>udi)</span> <span class='ocrx_word' id='word_1_321' title='bbox 574 3921 588 3993; x_wconf 91' lang='grc' dir='ltr'>Η</span> <span class='ocrx_word' id='word_1_322' title='bbox 608 3922 807 3994; x_wconf 87' lang='lat' dir='ltr'>orbitatisquae</span> <span class='ocrx_word' id='word_1_323' title='bbox 820 3928 990 4000; x_wconf 86' lang='lat' dir='ltr'>uastitatisq.</span> <span class='ocrx_word' id='word_1_324' title='bbox 1004 3932 1026 3981; x_wconf 82' lang='lat' dir='ltr'><em>A</em></span> <span class='ocrx_word' id='word_1_325' title='bbox 1047 3928 1061 4000; x_wconf 93' lang='grc' dir='ltr'>Η</span> <span class='ocrx_word' id='word_1_326' title='bbox 1081 3929 1300 4000; x_wconf 85' lang='lat' dir='ltr'>orbitatcmquae</span> 
     </span>
     <span class='ocr_line' id='line_1_33' title="bbox 202 4010 1300 4086; baseline -0.003 -12"><span class='ocrx_word' id='word_1_327' title='bbox 202 4017 409 4086; x_wconf 78' lang='lat' dir='ltr'>uastitatisq.1²</span> <span class='ocrx_word' id='word_1_328' title='bbox 424 4010 439 4085; x_wconf 96' lang='grc' dir='ltr'>Η</span> <span class='ocrx_word' id='word_1_329' title='bbox 460 4013 661 4081; x_wconf 80' lang='lat' dir='ltr'>orbitatemque</span> <span class='ocrx_word' id='word_1_330' title='bbox 674 4012 816 4068; x_wconf 78' lang='lat' dir='ltr'>uastitatis</span> <span class='ocrx_word' id='word_1_331' title='bbox 834 4020 950 4069; x_wconf 79' lang='lat' dir='ltr'>centolio</span> <span class='ocrx_word' id='word_1_332' title='bbox 965 4020 1103 4072; x_wconf 79' lang='lat' dir='ltr'>Heinsius.</span> <span class='ocrx_word' id='word_1_333' title='bbox 1117 4021 1187 4085; x_wconf 80' lang='lat' dir='ltr'>opud</span> <span class='ocrx_word' id='word_1_334' title='bbox 1199 4021 1300 4071; x_wconf 81' lang='lat' dir='ltr'>Sebos-</span> 
     </span>
    </p>
   </div>
   <div class='ocr_carea' id='block_1_4' title="bbox 204 4100 1299 4194">
    <p class='ocr_par' dir='ltr' id='par_1_6' title="bbox 204 4094 1299 4194">
     <span class='ocr_line' id='line_1_34' title="bbox 204 4100 1299 4194; baseline 0.002 -20"><span class='ocrx_word' id='word_1_335' title='bbox 204 4124 321 4175; x_wconf 80' lang='lat' dir='ltr'>bcclu‘um</span> <span class='ocrx_word' id='word_1_336' title='bbox 341 4119 355 4191; x_wconf 93' lang='grc' dir='ltr'>Η</span> <span class='ocrx_word' id='word_1_337' title='bbox 375 4120 408 4175; x_wconf 78' lang='grc'>17</span> <span class='ocrx_word' id='word_1_338' title='bbox 425 4100 653 4183; x_wconf 66' lang='grc' dir='ltr'>ἰηηιοιταΙὶίὲίίΙ).,</span> <span class='ocrx_word' id='word_1_339' title='bbox 673 4121 694 4169; x_wconf 86' lang='grc' dir='ltr'><em>Α</em></span> <span class='ocrx_word' id='word_1_340' title='bbox 716 4115 729 4188; x_wconf 91' lang='grc' dir='ltr'>Η</span> <span class='ocrx_word' id='word_1_341' title='bbox 749 4119 857 4191; x_wconf 78' lang='lat' dir='ltr'>prqcari</span> <span class='ocrx_word' id='word_1_342' title='bbox 875 4123 923 4172; x_wconf 82' lang='grc' dir='ltr'>ΔΡ</span> <span class='ocrx_word' id='word_1_343' title='bbox 940 4118 954 4192; x_wconf 92' lang='grc' dir='ltr'>Η</span> <span class='ocrx_word' id='word_1_344' title='bbox 975 4121 1070 4193; x_wconf 88' lang='lat' dir='ltr'>coepit</span> <span class='ocrx_word' id='word_1_345' title='bbox 1088 4137 1156 4175; x_wconf 84' lang='lat' dir='ltr'>corr.</span> <span class='ocrx_word' id='word_1_346' title='bbox 1170 4139 1205 4174; x_wconf 76' lang='lat' dir='ltr'>em</span> <span class='ocrx_word' id='word_1_347' title='bbox 1223 4122 1299 4194; x_wconf 86' lang='lat' dir='ltr'>cepit</span> 
     </span>
    </p>
   </div>
   <div class='ocr_carea' id='block_1_5' title="bbox 204 4206 1295 4419">
    <p class='ocr_par' dir='ltr' id='par_1_7' title="bbox 204 4206 1295 4419">
     <span class='ocr_line' id='line_1_35' title="bbox 204 4206 1295 4324; baseline 0.005 -32"><span class='ocrx_word' id='word_1_348' title='bbox 204 4245 227 4292; x_wconf 89' lang='lat' dir='ltr'><strong><em>P</em></strong></span> <span class='ocrx_word' id='word_1_349' title='bbox 244 4238 257 4311; x_wconf 92' lang='grc' dir='ltr'>Η</span> <span class='ocrx_word' id='word_1_350' title='bbox 277 4244 306 4295; x_wconf 88' lang='lat' dir='ltr'>et</span> <span class='ocrx_word' id='word_1_351' title='bbox 324 4242 409 4297; x_wconf 71' lang='lat' dir='ltr'>coaP</span> <span class='ocrx_word' id='word_1_352' title='bbox 426 4239 439 4312; x_wconf 94' lang='grc'>11</span> <span class='ocrx_word' id='word_1_353' title='bbox 461 4241 494 4296; x_wconf 88' lang='grc'>18</span> <span class='ocrx_word' id='word_1_354' title='bbox 510 4206 696 4324; x_wconf 54' lang='lat' dir='ltr'>interimi-duit</span> <span class='ocrx_word' id='word_1_355' title='bbox 713 4242 736 4290; x_wconf 87' lang='lat' dir='ltr'><strong><em>P</em></strong></span> <span class='ocrx_word' id='word_1_356' title='bbox 753 4237 770 4310; x_wconf 93' lang='grc' dir='ltr'>Η</span> <span class='ocrx_word' id='word_1_357' title='bbox 787 4241 820 4294; x_wconf 89' lang='lat'>19</span> <span class='ocrx_word' id='word_1_358' title='bbox 833 4237 856 4292; x_wconf 78' lang='lat' dir='ltr'>dr</span> <span class='ocrx_word' id='word_1_359' title='bbox 868 4243 915 4292; x_wconf 82' lang='grc' dir='ltr'>ΔΡ</span> <span class='ocrx_word' id='word_1_360' title='bbox 931 4243 945 4314; x_wconf 91' lang='grc' dir='ltr'>Η</span> <span class='ocrx_word' id='word_1_361' title='bbox 966 4242 993 4296; x_wconf 88' lang='lat' dir='ltr'>ei</span> <span class='ocrx_word' id='word_1_362' title='bbox 1009 4246 1106 4312; x_wconf 74' lang='lat' dir='ltr'>scripsi</span> <span class='ocrx_word' id='word_1_363' title='bbox 1124 4241 1138 4314; x_wconf 91' lang='grc' dir='ltr'>Η</span> <span class='ocrx_word' id='word_1_364' title='bbox 1158 4242 1295 4318; x_wconf 82' lang='lat' dir='ltr'>repperis·</span> 
     </span>
     <span class='ocr_line' id='line_1_36' title="bbox 205 4342 734 4419; baseline -0.002 -20"><span class='ocrx_word' id='word_1_365' title='bbox 205 4346 269 4399; x_wconf 87' lang='lat' dir='ltr'>seut</span> <span class='ocrx_word' id='word_1_366' title='bbox 285 4348 308 4402; x_wconf 76' lang='lat' dir='ltr'><strong><em>P</em></strong></span> <span class='ocrx_word' id='word_1_367' title='bbox 325 4342 339 4415; x_wconf 90' lang='grc' dir='ltr'>Η</span> <span class='ocrx_word' id='word_1_368' title='bbox 358 4346 394 4401; x_wconf 78' lang='lat'>20</span> <span class='ocrx_word' id='word_1_369' title='bbox 411 4348 478 4417; x_wconf 86' lang='lat' dir='ltr'>pest</span> <span class='ocrx_word' id='word_1_370' title='bbox 494 4344 701 4402; x_wconf 73' lang='lat' dir='ltr'>rsiactsrents</span> <span class='ocrx_word' id='word_1_371' title='bbox 721 4342 734 4419; x_wconf 91' lang='grc' dir='ltr'>Η</span> 
     </span>
    </p>
   </div>
   <div class='ocr_carea' id='block_1_6' title="bbox 0 0 1632 5202">
    <p class='ocr_par' dir='ltr' id='par_1_8' title="bbox 0 0 1632 5202">
     <span class='ocr_line' id='line_1_37' title="bbox 0 0 1632 5202; baseline 0 0"><span class='ocrx_word' id='word_1_372' title='bbox 0 0 1632 5202; x_wconf 95' lang='lat' dir='ltr'> </span> 
     </span>
    </p>
   </div>
  </div>
 </body>
</html>
