3202 5200
565 492 808 595 4211-
883 624 887 629 .

139 698 228 763 ouius
250 699 443 764 mentionem
465 719 523 764 suo
545 700 618 765 loeo
641 699 786 765 fecimus.
818 701 888 786 ipse
910 701 1047 766 circulus
1067 701 1175 769 fertur*
1188 708 1286 786 perd

138 809 336 891 sagittarium
362 813 459 889 atque
485 809 632 893 geminos
661 809 739 874 solis
767 814 874 889 centro
903 806 954 879 iiu
980 813 1246 903 aequinoctialem

139 917 292 982 circulum
322 937 438 983 secans
469 918 692 983 commissuras
723 920 1018 995 eorumobtinente
1041 921 1115 988 hinc
1137 923 1247 1005 aquila

137 1026 227 1092 illinc
250 1028 406 1093 canicula.
436 1026 510 1093 ideo
533 1026 667 1093 effectus
689 1030 855 1111 utriusque
876 1028 920 1092 ad
943 1050 1054 1098 omncs
1076 1031 1247 1116 frugiferas

139 1135 300 1219 pertinent
326 1142 443 1220 terras,
475 1137 626 1218 quoniam
653 1136 686 1200 in
712 1137 762 1203 his
785 1143 907 1202 tantum
929 1138 1008 1205 loeis
1031 1142 1109 1207 solls
1130 1148 1247 1208 terrae
1272 1165 1284 1201 s

140 1266 202 1328 que
225 1252 335 1311 centra
357 1252 543 1327 congruunt.
558 1238 677 1329 'itaque
693 1247 803 1311 horum
819 1249 960 1312 siderum
975 1250 1088 1317 diebus
1103 1252 1132 1316 si
1147 1272 1246 1336 purus

139 1363 235 1439 atque
257 1354 342 1419 mitis
358 1356 419 1419 'aer
441 1355 619 1437 genitalem
639 1355 730 1420 illum
752 1357 952 1440 lacteumque
975 1379 1084 1425 sucum
1100 1348 1249 1431 transmi-
1289 1403 1293 1409 -

139 1467 180 1530 sit
201 1466 234 1529 in
256 1471 366 1548 terras,
389 1467 474 1529 laeta
496 1465 685 1530 adolescunt
708 1471 787 1530 sata.
822 1466 851 1531 si
872 1467 951 1531 luna
973 1489 1037 1550 qua
1059 1468 1177 1536 dictum
1201 1476 1249 1535 est

139 1576 261 1640 ratione
284 1574 443 1639 roscidum
467 1574 569 1658 frigus
592 1573 767 1658 adspersit,
791 1575 934 1641 admixta
957 1574 1137 1644 amaritudo
1159 1580 1248 1659 utin

57 1680 64 1695 '
137 1685 219 1749 lacte
234 1684 437 1768 puerperium
453 1690 555 1748 necat.
579 1683 691 1748 modos
712 1684 745 1747 in
760 1690 864 1750 terras
876 1666 1130 1780 huius-iniuriae.
1154 1708 1248 1771 quem
1262 1714 1288 1752 ιο

138 1793 213 1858 feeit
238 1794 272 1857 in
295 1812 494 1875 quacumque
518 1793 718 1858 conuexitate
741 1796 909 1863 comitatus
931 1778 1097 1879 utriusque
1119 1817 1246 1877 causae,

139 1910 171 1969 et
191 1903 265 1968 ideo
289 1914 353 1967 no'n
375 1902 495 1986 pariter
516 1903 550 1965 in
572 1909 637 1969 toto
662 1904 739 1973 orbe
762 1906 894 1970 sentitur
914 1914 1031 1975 utusc
1054 1908 1133 1973 dies.
1157 1909 1247 1990 aqui-

26 2056 30 2061 ·
138 2013 203 2077 lam
228 2012 367 2077 diximus
396 2013 429 2077 in
457 2012 553 2076 ltalia
580 2013 697 2077 exoriri
723 2034 755 2079 a.
783 2015 814 2078 d.
837 2015 914 2079 XIII
930 2002 1006 2091 ,irai
1033 2018 1162 2085 Ianuar.
1190 2037 1249 2103 nec

139 2123 256 2207 patitur
276 2123 359 2188 ratio
382 2128 513 2188 naturae
537 2124 704 2205 quiequam
727 2124 761 2187 in
783 2125 861 2190 satis
885 2133 959 2192 ante
981 2147 1055 2193 eum
1070 2128 1155 2194 diem
1178 2127 1249 2210 spei

140 2252 210 2298 esse
238 2238 352 2307 certae.
390 2233 418 2298 si
446 2252 524 2296 uero
557 2232 764 2297 interlunium
792 2234 925 2317 incidat,
957 2238 1063 2302 omnIs
1097 2237 1248 2302 hibernos
1263 2264 1286 2302 ιε

138 2342 261 2411 fructus
283 2346 315 2407 et
335 2361 509 2425 praecoces
529 2343 616 2407 laedi
638 2362 770 2407 neeesse
794 2348 851 2407 est.
879 2343 969 2429 rudis
991 2345 1052 2409 fuit
1072 2345 1249 2428 priscorum

138 2452 207 2516 uita
229 2457 327 2533 atque
349 2451 419 2515 sine
441 2451 566 2517 litteris.
589 2472 653 2515 non
676 2452 781 2515 minus
803 2456 910 2515 tamen
924 2453 1126 2533 ingeniosam
1149 2452 1249 2518 fuisse

140 2562 174 2624 in
195 2560 260 2625 illis
283 2560 540 2625 obseruationem
562 2559 745 2643 apparebit,
769 2580 864 2642 quam
887 2567 1040 2627 nunc'est
1061 2563 1151 2626 ratio.
1189 2562 1250 2626 tria

141 2688 277 2751 namque
293 2674 439 2752 tempora
454 2668 574 2734 fructus
589 2669 782 2747 metuebant,
798 2674 929 2753 propter
945 2670 1030 2763 quod
1045 2671 1250 2735 instituerunt

141 2777 241 2844 ferias
264 2777 397 2860 diesque
419 2778 521 2844 festos
543 2778 714 2862 Robigalia
736 2776 879 2843 Floralia
893 2778 1040 2847 ,Vinalia
1078 2779 1251 2861 Robigalia
1262 2810 1289 2849 io

180 2953 194 3005 1
213 2950 385 3004 mensionem
397 2954 447 3002 SV
464 2949 479 3022 Η
500 2966 549 3003 sno
570 2949 645 3021 loeo]
660 2970 685 3016 p.
696 2955 800 3015 206,1ῡ
819 2948 832 3019 Η
853 2952 870 3003 2
889 2953 985 3003 centro
1004 2955 1014 3002 i
1032 2951 1248 3020 equinoctialem
1268 2954 1289 3002 S

142 3042 162 3089 8
177 3036 191 3107 Η
212 3042 308 3090 centro
323 3036 539 3106 equinoctialem
556 3043 578 3090 V
592 3035 605 3106 Η
620 3039 744 3089 centrum
756 3035 828 3088 infra
841 3028 1074 3105 aequinoctialem
1088 3041 1102 3088 i
1114 3037 1135 3108 ,Η
1156 3043 1252 3092 centro

141 3125 187 3178 bis
207 3123 441 3194 aequinoctialem
459 3127 562 3177 Plinius
588 3124 600 3194 Η
626 3126 643 3179 3
662 3124 792 3194 optinens
817 3123 842 3173 V
858 3122 872 3193 Η
895 3124 913 3176 4
931 3123 990 3177 illic
1013 3131 1036 3177 V
1055 3124 1068 3195 Η
1088 3126 1176 3179 omnis
1196 3128 1252 3178 Pii-

141 3216 201 3264 nias
227 3212 241 3282 Η
267 3211 576 3280 aquenum-terras
597 3231 645 3264 oni.
665 3217 687 3264 V
712 3209 726 3280 Η
750 3212 923 3264 acontius
944 3210 957 3281 Η
978 3212 1063 3280 igitur
1082 3214 1217 3266 dPlinius
1237 3209 1263 3281 Η

141 3299 157 3353 'i
178 3314 290 3352 succum
310 3299 529 3353 mansmiseritb
551 3298 563 3372 Η
583 3298 786 3355 Sadnleseunt
805 3299 907 3349 Plinius
928 3299 941 3367 Η
962 3299 1025 3351 lune
1044 3303 1065 3351 S
1085 3298 1099 3370 Η
1119 3303 1135 3356 9
1155 3316 1251 3369 asper-

143 3386 245 3439 seritb
271 3384 284 3454 Η
309 3384 466 3438 AmixtaS
491 3385 504 3456 Η
530 3387 663 3440 ammixta
685 3391 707 3438 V
731 3384 744 3455 Η
770 3385 804 3438 10
822 3400 987 3453 puerperam
1007 3389 1027 3434 S
1048 3384 1061 3455 Η
1086 3402 1252 3456 purpureum

113 3529 116 3533 γ
145 3476 167 3523 V
185 3471 198 3541 Η
219 3471 317 3525 modus
336 3473 467 3523 bPiiuins
487 3471 500 3543 Η
520 3475 602 3528 terris
627 3475 664 3525 Vb
678 3475 781 3523 Plinius
802 3469 815 3540 Η
840 3471 940 3523 iniuria
959 3488 1028 3540 quas
1048 3473 1155 3526 ficiis
1176 3471 1189 3541 Η
1210 3473 1251 3524 in-

141 3558 210 3611 iurie
231 3559 302 3612 facit
323 3565 344 3611 V
362 3557 376 3628 Η
396 3558 513 3614 iniuriae
533 3578 615 3630 quarn
634 3558 703 3614 fecit
721 3560 735 3607 b
757 3556 770 3626 Η
790 3557 908 3609 iniuriae
928 3574 1009 3625 quem
1028 3557 1097 3610 fecit
1114 3561 1218 3609 Plinius
1237 3557 1251 3627 Η

142 3646 183 3698 11-
195 3661 337 3714 quacunq;
361 3647 397 3699 Vb
418 3644 431 3716 Η
453 3649 666 3702 connexitateS
686 3643 700 3714 Η
720 3645 754 3697 12
773 3659 826 3695 nee
844 3663 892 3694 um.
909 3647 1030 3694 incurram
1048 3648 1075 3694 in
1095 3644 1147 3705 rino
1167 3646 1252 3694 iirrene

143 3736 257 3800 qrrinqur
274 3736 332 3798 fere
353 3737 507 3785 litterarum
527 3735 653 3784 esbibens
676 3735 698 3782 V
717 3730 729 3799 Η
755 3731 789 3782 13
806 3729 893 3797 ytalia
911 3734 932 3780 S
952 3727 964 3794 Η
986 3728 1021 3782 ad
1041 3729 1129 3782 'XIII'
1148 3729 1178 3781 kl
1197 3733 1218 3781 S
1236 3728 1251 3801 Η

143 3819 231 3871 ·XIII·
250 3818 278 3870 kl
303 3823 324 3869 V
343 3816 356 3888 Η
381 3818 454 3871 XIII
473 3819 523 3871 cal.
544 3821 558 3868 b
576 3817 592 3886 Ἠ
615 3818 649 3871 14
665 3816 779 3869 isati'ate
799 3821 832 3866 οῖ]
852 3814 898 3869 die
918 3798 979 3884 spei
997 3815 1039 3867 e‘e.
1059 3817 1218 3869 cariosis
1238 3815 1251 3886 Η

143 3905 260 3958 inficiari
279 3920 340 3958 eum
361 3904 422 3958 dies
442 3906 481 3958 sit
499 3907 575 3958 corte
595 3902 710 3973 speciei.
735 3901 767 3955 si
790 3907 812 3954 V
836 3900 849 3971 Η
879 3901 907 3953 in
926 3901 996 3954 satis
1016 3904 1080 3956 ante
1100 3919 1161 3957 eum
1180 3902 1258 3956 diem

145 3993 206 4061 spei
225 4007 290 4046 esse
310 3995 403 4044 aedae
424 3993 448 4045 si
468 3993 482 4041 b
494 3996 596 4044 Plinius
617 3990 630 4060 Η
651 3993 684 4046 15
704 3989 793 4043 omnis
812 3988 989 4045 hibernumS
1008 3986 1022 4058 Η
1044 4004 1140 4043 omnes
1159 3990 1251 4043 hiber-

143 4092 196 4130 nos
213 4080 250 4130 Vb
269 4078 282 4148 Η
303 4080 337 4132 16
356 4086 370 4130 ‘r
388 4083 454 4149 post
473 4095 577 4150 coques
596 4082 679 4132 Sunt.
697 4078 734 4128 Vb
754 4074 768 4146 Η
789 4080 817 4129 et
835 4076 982 4145 praeconis
1002 4080 1103 4130 Plinius
1124 4078 1137 4148 Η
1159 4079 1191 4132 17
1210 4079 1260 4130 in-v

145 4165 294 4231 genisius
315 4166 327 4233 Η
349 4168 382 4221 18
395 4167 590 4219 obseruatios
610 4162 624 4234 Η
644 4163 773 4233 apparuit
790 4167 812 4215 V
830 4160 844 4232 Η
864 4162 1012 4232 adparebit
1025 4168 1126 4216 Plinius
1137 4164 1160 4235 Η
1180 4179 1252 4217 nunc

145 4264 209 4301 esse
227 4251 363 4304 rationem
382 4255 513 4305 bPiinins
533 4251 546 4322 Η
567 4254 600 4305 19
619 4267 727 4319 nanque
751 4251 787 4300 Vb
815 4248 827 4318 Η
853 4236 1008 4302 metiebant
1025 4254 1046 4301 S
1071 4249 1083 4318 Η
1113 4250 1251 4304 2011ουὶ-

145 4335 252 4404 galias
272 4336 287 4407 Η
306 4338 446 4406 rubigulia
463 4345 485 4392 V
504 4337 518 4407 Η
537 4338 687 4407 Rubigalia
705 4338 719 4388 b
740 4335 753 4405 Η
773 4336 923 4404 Robigalia
941 4340 1043 4388 Piirsirue
1060 4335 1076 4404 Η
1096 4340 1134 4388 sic
1153 4353 1252 4405 quaeque

98 4426 101 4427 ’
986 4422 1049 4477 14*
