3252 5204
789 535 1002 605 ..65-

342 696 620 786 tisoboedissent
642 705 763 772 tamdiu
784 707 881 772 uitam
905 708 975 774 sine
998 726 1075 774 eura
1097 726 1135 773 ae
1149 706 1362 774 sollicitudine
1383 708 1448 775 fac-

342 824 439 884 turos.
485 816 543 883 sed
564 837 635 883 eum
657 811 879 902 neglegentius
899 818 1091 900 aequitatem
1114 818 1324 884 obseruarent
1344 823 1379 886 ab
1400 821 1446 886 in-

342 929 505 1012 sidiasque
528 926 756 1006 declinassent,
786 927 957 1012 eupiditate
985 935 1016 993 et
1041 929 1177 995 auaritia
1203 929 1284 994 alter
1310 928 1445 995 alterum

342 1037 531 1123 deciperent,
554 1038 595 1102 ab
617 1035 799 1101 hominibus
821 1035 1017 1103 discessisse.
1052 1040 1150 1123 digna
1164 1038 1294 1104 caelesti
1313 1040 1444 1104 numero

315 1148 508 1214 sinmortale
529 1146 704 1233 praemium
725 1147 850 1230 pietatis
872 1148 1023 1232 possedit.
1058 1155 1131 1214 sunt
1145 1149 1200 1232 qui
1215 1148 1306 1214 aliter
1326 1167 1445 1213 memo·

295 1276 302 1415 Η
339 1263 419 1324 rent.
454 1239 625 1340 Erigonen
641 1255 866 1322 Atheniensem
888 1257 972 1322 Icari
999 1258 1095 1323 filiam
1116 1259 1227 1325 fuisse.
1261 1259 1444 1344 quodcum

339 1370 435 1435 Liber
467 1369 631 1433 inuentum
664 1385 756 1431 suum
790 1366 897 1430 uinum
933 1369 1090 1435 suauitate
1116 1370 1198 1435 inter
1223 1371 1373 1436 mortales
1399 1372 1444 1436 in·

338 1481 501 1563 lustraret,
534 1476 668 1543 ueritum
692 1495 746 1554 ne,
783 1495 853 1539 cum
881 1476 1003 1543 ciuibus
1031 1480 1097 1546 suis
1124 1481 1292 1547 obtulisset
1321 1482 1444 1566 saporis

338 1590 547 1666 nobilitatem,
570 1583 733 1653 ebrietatis
748 1583 973 1651 iucunditatem
997 1590 1224 1657 arbitrarentur
1244 1590 1444 1671 maleficium,

302 1721 327 1759 ιο
338 1699 497 1786 persuasit
519 1698 619 1763 Icario
649 1692 841 1762 amicissimo
868 1697 929 1762 sibi
956 1704 991 1763 ut
1016 1700 1044 1765 is
1073 1700 1204 1767 inferret
1227 1703 1260 1765 in
1283 1702 1443 1767 ciuitatem

339 1833 435 1898 quam
456 1810 554 1876 uellet
577 1807 648 1896 [hoc
672 1813 720 1873 est
741 1805 874 1896 uinuml.
909 1810 994 1890 quod
1022 1815 1053 1874 et
1074 1811 1178 1877 libens
1200 1813 1302 1890 amico
1325 1812 1443 1878 icarius

337 1924 407 2021 tulit
427 1928 461 1985 et
482 1918 641 1984 distribuit
661 1919 695 1983 in
709 1905 823 1984 Attice.
857 1918 889 1983 hi
913 1920 996 2003 capti
1017 1921 1181 1985 nobilitate
1204 1922 1269 1987 uini
1288 1923 1441 2007 languore

339 2034 442 2099 subito
465 2028 655 2095 cacillantes
677 2028 779 2114 ueriti,
801 2049 843 2093 ne
859 2050 922 2093 non
938 2030 1106 2112 augendae
1120 2031 1291 2115 uoluptatis
1313 2032 1371 2099 sed
1384 2034 1443 2098 mi-

337 2141 484 2209 nuendae
499 2137 692 2205 ualetudinis
708 2144 794 2205 esset
810 2159 922 2205 sensus
938 2139 999 2205 sibi
1021 2135 1173 2220 sublatus,
1197 2145 1345 2208 commoti
1366 2144 1441 2210 uino

299 2274 324 2312 n
334 2251 588 2338 praecordiaque
609 2248 782 2335 transpulsi
795 2250 931 2315 Icarium
952 2250 1188 2317 interfecerunt.
1223 2254 1308 2335 quod
1323 2274 1380 2338 pro
1395 2254 1441 2318 iu·

335 2362 527 2429 eundiasimo
542 2362 685 2447 praemio
698 2366 746 2427 est
761 2360 894 2445 adeptus
910 2368 1021 2427 eontra
1035 2382 1164 2427 morem.
1191 2363 1290 2447 patris
1300 2364 1441 2448 Erigone

335 2472 574 2538 commiseratus
588 2471 711 2537 ululatu
726 2476 869 2550 mortem,
892 2478 1050 2536 mortuum
1065 2473 1238 2554 requirens.
1272 2473 1360 2538 canis
1375 2473 1440 2538 leni

333 2583 470 2664 uestigio
501 2600 572 2646 eam
600 2581 786 2646 accersitam
813 2581 856 2647 ad
883 2582 983 2666 patris
1011 2599 1125 2664 eorpus
1150 2578 1306 2665 perduxit.
1357 2601 1439 2665 quae
1611 2592 1623 2957 Η

1621 774 1623 841 l

1621 916 1623 981 Ι

1621 1010 1623 1039 l

1607 1226 1623 1281 .

303 2677 304 2680 “
334 2692 404 2758 eius
432 2712 548 2778 corpus
575 2691 691 2776 sepelit
717 2692 853 2776 ipsaque
880 2712 915 2758 se
941 2693 975 2757 in
1001 2692 1150 2775 Hymetto
1178 2697 1285 2757 monte
1308 2693 1440 2759 contulit

333 2884 349 2940 1
369 2882 533 2939 obedissent
551 2886 597 2935 ΑΡ
615 2882 628 2953 Η
649 2883 756 2938 futures
770 2886 815 2935 ΔΡ
834 2880 847 2955 Η
868 2882 992 2937 facturos
1012 2885 1142 2934 narratas
1161 2886 1204 2950 qai
1223 2885 1342 2949 conferri
1360 2887 1440 2937 iussit

332 2973 455 3024 Dirbsea.
466 2974 588 3023 prostrate
602 2988 624 3027 s,
634 2988 659 3022 u.
669 2975 760 3038 facere
771 2973 833 3024 Sea.
846 2990 885 3038 ep.
898 2979 933 3022 θθ
945 2974 1022 3021 Grata
1031 2972 1112 3021 inser,
1122 2970 1301 3021 DGCCXXX
1306 2975 1371 3023 V111
1381 2977 1414 3024 12
1424 2969 1438 3043 Η
1621 2962 1623 3021 l

331 3059 349 3114 2
368 3058 562 3128 neglegentius
576 3076 644 3111 corr.
658 3076 693 3110 ea
705 3059 887 3128 neglegentes
900 3063 923 3110 P
941 3055 954 3128 Η
975 3057 1161 3111 obsecrarent
1180 3054 1224 3125 (ea
1238 3055 1362 3128 eaeorr.)
1383 3062 1405 3108 P
1422 3056 1437 3129 Η

331 3146 361 3200 in
372 3164 465 3214 moryo
480 3160 572 3213 opopa.
586 3149 679 3200 Berot.
698 3142 712 3216 Η
733 3147 750 3201 5
767 3149 954 3200 memorantP
971 3142 986 3215 Η
1006 3145 1023 3200 6
1042 3144 1182 3213 erigerem
1196 3149 1219 3195 P
1236 3142 1251 3213 Η
1269 3143 1366 3197 micari
1378 3142 1436 3216 ΑΗ

331 3234 347 3288 7
364 3239 483 3302 fortasse
501 3232 595 3286 uinum
607 3231 688 3287 uuam
699 3234 785 3287 uitem
805 3233 818 3302 Η
838 3233 1024 3289 mortalitates
1037 3237 1060 3284 P
1078 3229 1092 3301 Η
1112 3232 1129 3286 9
1148 3229 1325 3284 aebribatem
1342 3231 1437 3285 iocun-

330 3319 427 3391 ditatis
442 3321 490 3372 AP
508 3317 522 3389 Η
543 3319 688 3403 ebrietatis
706 3321 906 3376 iucunditatem
924 3325 1021 3389 scripsi
1041 3317 1056 3390 Η
1077 3319 1111 3373 10
1128 3317 1229 3373 inferre
1247 3317 1277 3369 in
1296 3317 1438 3372 ciuitatem

330 3450 408 3489 suam
419 3434 507 3488 uellet
519 3453 531 3488 ε
550 3433 565 3507 Η
586 3410 699 3491 citatem
713 3442 734 3489 P
752 3435 766 3508 Η
786 3439 819 3492 11
833 3437 887 3491 hoc
900 3439 945 3490 est
957 3435 1049 3488 uinum
1063 3435 1186 3484 delerrtts
1205 3426 1219 3500 Η
1240 3430 1315 3500 quod
1329 3435 1407 3486 cstA
1423 3432 1436 3503 Η

329 3523 420 3576 animo
433 3527 481 3575 ΑΡ
498 3520 511 3594 Η
531 3526 621 3579 amico
640 3543 653 3578 ε
672 3524 686 3595 Η
706 3526 740 3579 12
758 3525 851 3595 eapite
873 3528 894 3574 P
913 3522 927 3595 Η
947 3524 1061 3591 langore
1074 3525 1097 3572 P
1115 3518 1130 3592 Η
1150 3521 1184 3574 14
1200 3518 1365 3572 ualitudinis
1380 3524 1404 3571 P
1421 3517 1435 3591 Η

329 3611 358 3664 id
378 3616 422 3666 est
440 3628 551 3667 sensum
570 3611 625 3666 sibi
644 3610 782 3667 sublatum
796 3616 843 3663 ΑΡ
861 3611 974 3682 'flesset
986 3624 1085 3663 sensus
1098 3608 1153 3662 sibi
1167 3607 1293 3662 sublatus
1306 3611 1401 3675 scripsi
1422 3605 1437 3678 Η

330 3694 438 3772 [idest]
453 3715 565 3754 sensum
583 3698 639 3752 sibi
658 3698 795 3752 sublatum
809 3698 862 3733 *i*
880 3717 892 3752 ε
914 3698 928 3770 Η
949 3698 1077 3765 Eyssenl.
1095 3696 1231 3752 sentirent
1249 3698 1292 3748 oet
1311 3700 1366 3748 mle
1386 3700 1438 3747 oli-

329 3784 391 3857 q'aid
404 3791 534 3842 eccidisse
548 3797 646 3839 censet.
660 3792 738 3839 immo
752 3806 804 3839 troo
817 3791 899 3840 ueriti
913 3797 975 3840 saort
989 3805 1021 3839 oe
1038 3788 1181 3847 sentirent,
1200 3786 1248 3836 sed
1260 3791 1401 3836 senseram
1423 3779 1436 3852 Η
1619 3814 1623 3915 Η

224 3914 227 3918 -
327 3892 361 3947 15
379 3890 544 3963 praecorum
563 3897 583 3943 ρ
601 3890 615 3964 Η
634 3891 738 3945 icarum
754 3895 773 3940 r
796 3887 808 3962 Η
829 3889 957 3944 Icarium
976 3907 1011 3941 aa
1024 3908 1093 3943 aa.
1107 3895 1130 3941 r
1147 3887 1160 3961 p
1181 3865 1358 3942 ratificamus
1377 3890 1397 3938 Α
1419 3869 1433 3958 Η
1614 3926 1623 3987 4

325 3978 525 4034 iocundissimo
544 3978 598 4049 ΡΗ
619 3980 653 4034 16
673 3981 770 4031 contra
789 3993 890 4048 corpus
908 3976 998 4048 patris
1018 3994 1030 4028 s
1050 3976 1065 4047 Η
1086 3978 1119 4032 17
1139 3973 1358 4029 commiserando
1377 3976 1398 4024 Α
1421 3972 1435 4043 Η

325 4065 546 4121 commiserando
566 4069 589 4116 P
606 4063 619 4136 Η
639 4064 860 4118 ululatumortem
879 4069 995 4119 mortem
1009 4064 1055 4115 ΑΡ
1073 4061 1086 4135 Η
1101 4063 1311 4117 commiseratur
1328 4059 1433 4113 ululatu

324 4174 448 4237 mortem,
466 4172 604 4224 mortuum
614 4172 713 4235 scripsi
732 4174 767 4236 cs.
781 4174 870 4223 Herna.
881 4173 958 4220 14⁵5
972 4163 984 4237 Η
1000 4139 1121 4222 eanileni
1133 4172 1156 4219 P
1168 4164 1181 4238 Η
1195 4169 1229 4223 18
1240 4169 1340 4219 tenens
1352 4166 1433 4217 ueste

323 4276 336 4311 ε
356 4256 370 4330 Η
392 4273 539 4314 accensam
552 4259 599 4308 ΑΡ
617 4254 631 4326 Η
652 4256 817 4311 accersitam
836 4275 848 4310 ε
868 4254 882 4327 Η
902 4254 999 4308 matris
1013 4259 1061 4314 ΑΡ
1078 4271 1173 4307 cerae
1193 4252 1208 4324 Η
1228 4254 1262 4310 19
1280 4252 1344 4322 ipsa
1363 4267 1433 4321 quae

323 4374 345 4420 Α
361 4368 375 4440 Η
388 4368 533 4438 hymetotl
555 4365 571 4440 Η
590 4336 799 4439 hymeiomginte
814 4372 835 4420 P
852 4366 867 4437 Η
887 4365 1005 4421 contulit
1017 4365 1131 4435 tibias
1149 4361 1162 4435 Η
1182 4358 1369 4432 centulitibiq.
1382 4366 1406 4414 P
1417 4361 1432 4433 Η
