3254 5202
767 488 1002 557 -164-

293 665 319 732 S
331 663 407 727 uina
436 659 558 726 fudisse
585 663 727 726 testatur.
772 658 922 741 Nigidius
944 655 1155 742 hydrooboon
1178 657 1248 723 siue
1269 660 1437 744 aquarium

330 771 495 837 existimat
521 788 592 834 esse
614 769 844 834 Deucalionem
871 766 1092 842 Thessalum‚‘
1108 768 1162 851 qui
1190 771 1437 834 6611666616-

330 880 442 944 clismo
469 877 570 943 fertur
596 878 726 952 relictus
756 898 826 943 cum
856 897 954 943 uxore
978 877 1103 962 Pyrrha
1128 878 1163 942 16
1192 882 1300 944 monte
1323 881 1437 963 Aetna,

244 1018 247 1025 ⁴
331 990 386 1072 qui
408 996 458 1055 est
479 989 653 1053 altissimus
681 989 713 1052 in
736 987 859 1067 Sicilia,
888 993 920 1053 et
945 993 1154 1072 posteaquam
1183 1006 1217 1051 se
1246 992 1279 1053 et
1305 1006 1438 1053 uxerem

304 1119 422 1164 seuam
443 1100 477 1163 in
498 1104 585 1164 terra
606 1097 746 1163 relictos·
758 1096 858 1162 sensit
880 1096 1145 1181 orbitatisqueet
1163 1096 1324 1162 uastitatis
1338 1096 1438 1183 mise-

331 1215 420 1273 ratus
442 1209 483 1274 ab
506 1209 584 1273 Ioue
605 1206 730 1291 precari
743 1207 872 1291 coepit,
900 1210 935 1270 ut
963 1211 1019 1271 aut
1045 1212 1078 1271 et
1104 1205 1168 1290 ipsi
1194 1206 1361 1272 interirent
1382 1210 1439 1269 aut

330 1316 495 1382 hominum
518 1335 620 1397 genus
643 1315 855 1380 restituerent.
892 1315 1034 1399 Iuppiter
1050 1314 1214 1399 respondit
1239 1319 1272 1379 et
1289 1333 1350 1399 per
1372 1333 1438 1380 sor-

329 1432 393 1490 tem
415 1423 582 1504 indicauit,
606 1429 639 1488 ut
661 1422 798 1507 lapides,
822 1444 904 1508 quos
926 1431 999 1490 ante
1022 1444 1058 1490 se
1080 1425 1285 1508 reperissent,
1309 1429 1381 1507 post
1402 1442 1439 1488 se

330 1534 494 1600 lactarent.
533 1533 654 1599 reuersi
685 1534 806 1614 itaque.
847 1551 1011 1616 quosquos
1038 1533 1225 1598 Deucalion.
1245 1533 1343 1616 misit,
1377 1533 1439 1596 uiri

294 1668 318 1707 ιο
330 1644 466 1722 fiebant,
491 1662 572 1725 quos
592 1641 733 1724 Pyrrha,
755 1640 906 1707 feminae.
941 1663 1005 1725 quo
1027 1642 1122 1729 iacto·
1138 1661 1249 1707 rursus
1272 1641 1437 1706 hominum

330 1771 432 1833 genus
455 1770 527 1817 esse
550 1757 667 1816 natum.
680 1751 732 1819 ,ob
755 1771 851 1833 quam
873 1769 942 1816 rem
965 1748 1047 1831 λαός
1068 1770 1185 1836 graece
1200 1753 1338 1836 populus
1361 1749 1438 1816 dici-

328 1866 390 1940 tur,
413 1861 489 1943 quia
510 1860 596 1945 lapis
619 1860 794 1941 antiquitus
816 1879 932 1941 graece
956 1856 1040 1939 λάας
1062 1861 1297 1946 appellabatur.
1319 1861 1361 1925 ab
1383 1879 1438 1924 an-

330 1969 427 2052 tiquis
450 1969 579 2055 quidem
594 1968 709 2034 dicitur
723 1969 904 2035 Aristaeum
918 1969 1080 2055 Apollinis
1094 1970 1193 2036 filiurn
1208 1970 1318 2049 fuisse,
1342 1988 1438 2053 quem

330 2080 447 2163 Apollo
474 2080 572 2145 fertur
601 2097 640 2143 ex
668 2078 796 2161 Oyrena
823 2099 1027 2165 procreasse,
1065 2101 1161 2162 quam
1187 2079 1376 2165 compressit
1403 2080 1438 2143 in

294 2217 317 2252 ιε,
330 2193 439 2254 monte
463 2187 606 2272 Orpheo,
630 2185 684 2268 qui
708 2186 842 2270 Cyrenis
863 2196 913 2254 est
935 2188 1128 2273 appellatus.
1171 2188 1338 2253 Aristaeus
1361 2188 1439 2252 dici-

328 2304 380 2362 tur
403 2296 551 2363 omnibus
573 2296 677 2361 modis
699 2293 885 2380 artibusque
906 2298 1019 2362 doetus
1042 2295 1153 2376 fuisse,
1177 2298 1292 2380 quibus
1314 2297 1438 2380 artibus

330 2411 454 2477 ceteros
482 2405 630 2471 homines
659 2405 703 2471 ad
725 2407 829 2472 bonas
850 2408 958 2492 fruges
982 2407 1213 2489 utilitatemque
1235 2405 1437 2490 perducebat.

327 2516 421 2598 isque
449 2535 519 2581 eum
549 2515 717 2580 caniculae
744 2516 870 2597 signum
897 2514 1085 2601 pestiferum
1115 2515 1249 2581 oriretur
1278 2521 1310 2580 et
1331 2514 1438 2580 statim

329 2631 518 2710 praesentes
540 2624 661 2690 fruetus
683 2626 899 2690 lacerarentur
920 2631 953 2690 et
966 2623 1195 2690 interciderent
1209 2624 1355 2690 homines
1370 2624 1439 2688 diu-

291 2734 433 2802 atumis
454 2735 576 2800 morbis
598 2740 656 2799 aut
677 2734 877 2819 pestilentia,
907 2753 960 2799 res
982 2733 1109 2799 diuinas
1132 2733 1208 2799 feeit
1230 2732 1365 2820 [iactum
1390 2740 1439 2799 est

329 2851 364 2908 ut
390 2865 411 2908 a
438 2843 500 2908 diis
527 2843 692 2928 impetrari
707 2828 836 2930 ’61166111
872 2843 1011 2908 maxime
1038 2843 1187 2926 Neptuno
1214 2843 1285 2909 Ioui
1312 2844 1438 2929 parenti

329 2955 411 3034 aliis,
435 2955 679 3037 tempestatibus
703 2959 734 3018 et
756 2955 871 3033 uentis,
894 2973 1019 3018 summa
1040 2953 1210 3036 diligentia
1223 2975 1359 3040 precans
1377 2955 1438 3043 [fa-

290 3251 312 3299 s
354 3239 575 3295 1166166611
601 3235 614 3306 Η
639 3239 827 3290 testaturam.
847 3241 869 3288 V
893 3234 906 3311 Η
935 3235 1132 3306 ydrochooss
1158 3236 1172 3309 Η
1196 3237 1353 3309 ydrachoos
1377 3246 1400 3295 V
1423 3242 1437 3313 Η

239 3320 244 3327 ’
330 3326 461 3398 aquarius
479 3329 500 3377 S
521 3323 534 3394 Η
556 3326 587 3375 cle
601 3324 695 3397 [obolo
716 3326 750 3389 cf.
770 3326 870 3390 Hypsoi
888 3324 1013 3391 [611116
1030 3323 1044 3393 Η
1064 3325 1081 3378 2
1098 3325 1247 3380 ktaclisrno
1266 3326 1305 3379 sit
1321 3327 1437 3385 relictus

334 3419 356 3466 V
376 3413 388 3481 Η
409 3413 426 3467 3
444 3411 521 3481 pirra
538 3413 559 3462 S
579 3408 593 3481 Η
614 3407 698 3461 ethna
716 3413 764 3463 sV
783 3408 795 3479 Η
815 3410 833 3465 5
850 3409 978 3463 relietum
998 3412 1108 3465 censuit
1125 3417 1146 3465 S
1153 3417 1173 3463 V
1193 3410 1207 3483 Η
1227 3412 1358 3468 orbitatis
1382 3419 1403 3468 V
1423 3416 1437 3486 Η

329 3499 460 3569 misertus
479 3501 500 3549 S
519 3494 533 3569 Η
554 3498 570 3551 6
589 3496 667 3565 cepit
686 3501 733 3548 sV
752 3495 765 3565 Η
790 3497 931 3567 tupiter
954 3502 978 3550 V
996 3495 1009 3568 Η
1035 3499 1051 3552 9
1071 3500 1209 3569 quotquot
1232 3503 1253 3550 V
1272 3496 1286 3570 Η
1312 3501 1439 3573 sepina

328 3586 382 3657 811
403 3585 523 3639 foemina
547 3579 602 3654 1Ἠ
627 3598 733 3636 rursum
758 3582 810 3654 Vi!
838 3585 870 3638 11
890 3599 978 3655 genus
998 3587 1090 3637 autem
1110 3587 1156 3637 est
1179 3583 1232 3656 Vll
1254 3593 1332 3647 broc
1351 3593 1372 3641 S
1391 3594 1438 3655 do-¹

330 3690 384 3723 cem
403 3675 461 3737 fere
482 3675 568 3725 litter.
584 3674 633 3722 luc.
658 3676 680 3723 V
699 3670 712 3742 Η
733 3672 767 3726 12
786 3679 871 3730 AiOC
890 3677 911 3725 S
930 3668 945 3742 ΙΙ
966 3676 1052 3724 locon.
1072 3675 1092 3723 V
1112 3669 1125 3740 Η
1146 3672 1180 3726 13
1197 3671 1401 3731 Aristbeums
1423 3678 1436 3749 Η

328 3757 461 3811 Aristeus
485 3763 508 3809 V
526 3757 539 3827 Η
560 3757 633 3811 filius
653 3758 805 3829 appollinis
824 3775 884 3826 esse
909 3764 930 3811 V
949 3761 961 3827 Η
983 3757 1138 3813 1411161111
1161 3762 1184 3811 V
1201 3756 1215 3827 Η
1236 3760 1269 3816 15
1288 3764 1436 3833 ‘reppella-

329 3846 414 3900 tuss
435 3841 447 3912 Η
467 3843 601 3898 Aristeus
613 3849 663 3898 SV
681 3847 694 3914 Η
715 3846 749 3901 16
768 3846 896 3900 omnibus
915 3845 1023 3901 artibus
1040 3851 1061 3898 V
1080 3842 1094 3916 Η
1115 3847 1148 3900 17
1168 3848 1294 3901 ceteris
1315 3846 1328 3918 Η
1347 3849 1438 3905 bonos

329 3929 436 3983 fructus
454 3934 476 3982 V
493 3927 506 4001 Η
528 3932 603 3988 isle
622 3938 643 3985 V
662 3931 675 4001 Η
697 3933 730 3987 19
748 3937 832 4003 putas
844 3938 893 3986 SV
912 3931 924 4001 Η
945 3931 1105 3986 lederentur
1121 3938 1143 3985 V
1162 3931 1175 4003 Η
1196 3936 1226 3985 61
1238 3933 1364 3992 homines
1377 3935 1437 3989 diu-

329 4021 410 4071 turna
422 4017 586 4087 pestilentia
598 4019 775 4074 afficerentur
792 4024 814 4071 V
832 4017 847 4090 Η
866 4023 914 4073 sut
926 4018 1147 4075 intercedersts
1167 4017 1180 4089 Η
1200 4021 1235 4076 20
1252 4021 1409 4074 moribuss
1424 4021 1437 4092 Η

329 4103 371 4157 rei
390 4103 484 4158 diuina
503 4105 619 4175 eilicys
640 4105 652 4175 Η
673 4106 777 4160 iactum
788 4136 819 4145 -
831 4105 924 4176 possit
935 4107 977 4159 bic
989 4109 1078 4158 deieci
1091 4116 1117 4159 et
1131 4111 1206 4174 infra
1218 4112 1295 4174 porra
1309 4125 1345 4161 ea
1356 4110 1438 4161 sobal.

330 4189 453 4261 11661111
473 4192 507 4249 21
526 4194 709 4264 imperaretur
731 4199 753 4247 V
774 4193 789 4263 Η
812 4193 891 4247 Iouis
908 4196 957 4246 SV
978 4190 994 4262 Η
1018 4197 1201 4262 parentans
1220 4192 1234 4264 Η
1259 4195 1294 4250 12
1312 4211 1349 4250 66
1367 4198 1436 4249 tem·

330 4281 490 4356 partetibus
514 4286 536 4335 V
555 4284 569 4356 Η
588 4282 681 4340 uentis
699 4282 843 4355 pateretur
861 4295 950 4351 genus
967 4281 1115 4338 humanum
1133 4279 1207 4339 affici
1230 4286 1253 4333 V
1271 4279 1285 4352 Η
