3202 5200
675 462 984 568 &rus-—

306 674 414 749 fluam,
437 672 532 737 allam
555 688 633 735 uero
655 671 826 737 obscuram
847 677 878 737 et
893 672 1047 755 paulatim
1063 693 1098 738 se
1112 674 1266 739 uertenda
1282 675 1429 741 diuersas

309 782 429 848 formas
452 781 588 845 efficere.
612 781 668 845 alii
692 786 823 847 econtra
846 782 943 860 aiunt,
964 782 1074 846 lunam
1096 784 1227 865 globum
1256 778 1348 850 suum
1370 784 1428 848 ha-

309 892 395 970 bere,
417 888 475 956 sed
497 891 604 973 ignem
629 911 651 955 a
674 892 744 956 sole
766 892 940 975 concipere
963 896 994 954 et
1016 897 1170 974 quantum
1186 893 1358 976 percutitur
1379 914 1429 957 ar-

310 1000 453 1066 descere.
483 1005 636 1082 quantum
659 1000 756 1082 igitur
780 1021 802 1065 a
824 1002 896 1067 sole
919 999 1065 1079 discedit,
1088 1008 1239 1084 augetur3
1262 1024 1334 1068 cum
1349 1022 1428 1069 uero

272 1135 284 1171 a
311 1115 422 1175 contra
450 1110 585 1187 steterit,
614 1115 680 1174 toto
708 1109 821 1176 feritur
848 1108 986 1175 aduerso
1008 1114 1041 1173 et
1062 1110 1151 1175 uelut
1176 1114 1341 1196 speculum
1362 1133 1429 1178 uon

310 1220 392 1299 uim,
419 1220 477 1285 sed
498 1219 672 1304 imaginem
694 1216 808 1282 reddit.
845 1218 931 1283 unde
954 1218 1112 1284 defectum
1135 1221 1267 1306 patitur,
1296 1223 1325 1286 si
1344 1221 1429 1286 inter

309 1329 413 1411 ipsam
435 1334 467 1394 et
489 1329 589 1394 solem
613 1329 727 1393 umbra
741 1334 847 1394 terrae
862 1328 1062 1394 interueniat.
1087 1328 1147 1394 lrac
1170 1331 1254 1395 euim
1276 1330 1429 1395 uniuersa

311 1438 477 1525 gignentia
499 1445 663 1504 crescente
678 1437 867 1522 pubescunt,
891 1443 1094 1503 tenueaoeute
1109 1443 1291 1503 tenuantur.
1314 1439 1429 1504 humor

311 1544 409 1610 etiam
434 1552 466 1611 et
489 1548 618 1632 spiritus
642 1548 745 1613 omnis
767 1548 924 1629 augescit,
947 1547 1093 1612 tumescit
1113 1567 1263 1627 oceanus,
1286 1547 1428 1630 denique

275 1679 300 1716 ro
313 1675 384 1720 cum
406 1656 508 1740 ipsius
530 1657 656 1742 fulgore
679 1655 825 1722 considit.
851 1656 969 1722 diuersi
991 1654 1069 1739 ergo
1091 1658 1174 1723 caeli
1193 1664 1225 1723 ct
1240 1659 1428 1740 uagantium

314 1766 478 1831 stellarum
495 1786 589 1832 cursu
606 1766 709 1848 quod†
726 1771 921 1850 temperatur
943 1766 1101 1848 utrimque
1123 1765 1277 1832 deteritur
1293 1773 1325 1832 et
1342 1767 1428 1831 iufra

312 1874 390 1951 fluit,
412 1874 446 1938 id
461 1875 578 1958 excipit
593 1870 670 1936 luna
684 1878 715 1937 et
738 1874 798 1938 soli
820 1876 926 1955 tradit,
952 1895 1014 1958 quo
1037 1880 1069 1940 et
1089 1874 1245 1941 animalia
1260 1877 1429 1961 uigescunt

313 1991 344 2050 et
365 1983 480 2049 humus
503 1982 644 2066 quodam
662 1982 759 2047 modo
774 1985 932 2050 animatur
947 1984 1082 2066 genitali
1097 1986 1213 2065 calore,
1229 1992 1263 2050 ut
1277 1985 1322 2050 ita
1336 1986 1429 2050 dixe·

313 2092 373 2157 rim
395 2092 480 2157 uiuo.
509 2092 679 2175 plurimum
701 2091 735 2155 in
757 2093 934 2174 originibus
956 2095 1066 2160 ualent
1088 2113 1172 2177 quac
1194 2095 1227 2158 in
1250 2100 1322 2159 ortu
1344 2099 1426 2178 sunt,

276 2228 300 2265 0
312 2202 465 2284 languent
490 2201 524 2264 in
552 2218 677 2266 occasu.
712 2209 815 2267 ortum
843 2203 919 2269 facit
947 2205 1043 2270 stella
1072 2223 1167 2286 quam
1193 2203 1243 2269 sol
1264 2203 1427 2287 praeterit,

313 2308 431 2374 deinde
454 2310 622 2374 stationem
646 2311 845 2390 matutinam,
868 2333 939 2379 cum
962 2334 982 2378 a
1006 2315 1116 2395 quinto
1139 2314 1210 2378 loco
1233 2312 1313 2378 solis
1335 2318 1427 2377 stete-

312 2418 361 2482 rit.
385 2417 419 2481 in
441 2417 555 2484 eodem
577 2426 685 2485 manet
707 2421 809 2505 signo,
833 2422 936 2488 donec
958 2424 999 2488 ab
1023 2423 1137 2489 eodem
1159 2422 1228 2487 sole
1250 2428 1426 2487 moueatur.

314 2546 396 2608 quae
418 2528 579 2593 contrmia
600 2535 649 2594 est
670 2530 741 2615 soli,
764 2552 857 2596 mane
881 2532 1013 2617 occidit,
1042 2533 1141 2597 oritur
1162 2531 1257 2597 simul
1279 2538 1372 2597 nocte
1394 2537 1428 2597 et

313 2642 448 2701 uocatur
474 2639 690 2724 acrouychos,
720 2639 839 2705 deinde
868 2660 977 2707 rursus
1004 2642 1104 2708 altero
1133 2642 1232 2708 latere
1265 2662 1287 2706 a
1314 2641 1426 2723 quinto

276 2744 409 2829 rosigno
425 2745 628 2831 deprehensa
650 2749 933 2834 postmeridianam
956 2749 1126 2842 stationem
1149 2750 1233 2834 facit,
1258 2750 1360 2816 donec
1379 2751 1428 2815 in-

310 2874 422 2938 gresso
449 2858 519 2923 sole
545 2858 631 2923 idem
661 2861 786 2944 siguum
814 2863 849 2922 ut
878 2858 937 2923 sub
970 2858 1068 2925 radiis
1098 2861 1167 2926 eius
1196 2860 1364 2927 delitescat
1392 2867 1426 2927 et

312 2964 346 3028 in
366 2970 467 3030 totum
490 2968 624 3034 occidat.
663 2968 822 3052 aspiciunt
842 2968 926 3033 inter
949 2987 984 3033 se
1007 2970 1120 3035 stellae
1142 2989 1183 3035 ex
1205 2969 1297 3035 tertio
1319 2970 1423 3054 signo,

349 3162 368 3216 2
386 3164 485 3216 contra
504 3164 518 3214 1
540 3161 553 3233 Η
573 3163 665 3218 lunam
684 3163 806 3232 globum]
822 3165 962 3218 Censorio.
976 3168 1013 3233 fr.
1027 3170 1073 3217 111
1083 3173 1160 3233 μεθ,
1171 3173 1189 3217 4
1201 3166 1277 3217 loto.
1299 3163 1312 3235 Η
1332 3166 1426 3220 lunam

312 3264 368 3301 nou
387 3265 467 3302 suum
486 3249 578 3303 lumen
596 3250 714 3316 habero,
734 3251 786 3304 sed
810 3251 879 3305 solis
902 3251 989 3306 radiis
1008 3251 1165 3307 inluminari
1185 3252 1358 3323 (inluminare
1377 3251 1424 3322 B),

313 3335 385 3388 unde
405 3340 435 3389 et
453 3335 593 3390 defectum
612 3339 730 3408 patitur,
750 3353 831 3406 quem
851 3337 924 3407 (qust
943 3344 980 3402 B)
998 3340 1103 3394 Graeci
1122 3339 1241 3410 eclipsin
1260 3340 1381 3410 (elypsin
1399 3344 1425 3390 Β

313 3423 440 3492 eclypsin
454 3424 488 3490 G)
501 3427 606 3477 uocant
618 3422 751 3477 BGthll
766 3422 779 3493 Η
793 3426 810 3479 3
822 3425 932 3493 igneum
950 3432 972 3480 V
984 3426 998 3498 Η
1013 3431 1042 3480 ct
1055 3430 1187 3497 quantum
1199 3444 1216 3480 a
1232 3432 1255 3479 V
1266 3425 1280 3496 Η
1293 3427 1313 3481 4
1329 3426 1426 3494 augeri

316 3514 339 3562 V
358 3507 371 3579 Η
391 3510 482 3565 iltuto
498 3529 547 3563 om.
567 3516 588 3564 V
607 3510 620 3581 Η
641 3527 676 3564 ex
695 3511 814 3566 aduerso
831 3517 852 3565 V
871 3504 887 3584 Η
906 3515 1124 3583 Gymaginems
1144 3513 1158 3585 Η
1178 3514 1331 3568 lumbram
1345 3510 1425 3566 (10111

313 3595 327 3666 Η
348 3597 444 3650 hac-
456 3596 548 3651 lunam
562 3601 655 3652 autem
668 3600 788 3667 gentiles
800 3620 828 3668 p.
838 3609 938 3664 101116
948 3621 997 3657 om.
1011 3600 1144 3655 BGG⁰G⁶
1159 3600 1172 3673 Η
1191 3602 1264 3655 cuim
1276 3604 1424 3655 crescente

312 3686 444 3739 uniuersa
462 3684 608 3754 gignentia
631 3690 653 3737 V
672 3686 685 3756 Η
704 3689 722 3742 8
740 3686 897 3757 pubescunt
915 3691 936 3739 S
955 3685 968 3757 l]
995 3690 1011 3744 9
1031 3702 1178 3742 occeanus.
1210 3688 1290 3756 Quod
1311 3687 1424 3741 diuerso

313 3771 367 3824 ccli
385 3777 408 3823 V
426 3768 439 3841 Η
462 3774 496 3827 10
508 3772 657 3841 uagantiS
678 3773 691 3841 Η
711 3775 744 3827 11
758 3773 832 3843 quod
846 3793 896 3827 om.
914 3780 937 3827 V
955 3775 968 3847 Η
990 3779 1073 3845 atque
1094 3775 1230 3829 deteritur
1247 3782 1270 3829 V
1287 3773 1301 3847 Η
1321 3777 1356 3829 12
1374 3791 1423 3828 ex·

312 3858 390 3927 cepit
408 3862 430 3910 S
449 3856 462 3928 Η
483 3864 634 3928 rugescunt
658 3866 680 3913 V
697 3858 711 3931 Η
733 3862 766 3915 13
785 3865 814 3914 et
831 3864 862 3913 ut
885 3866 907 3913 V
927 3860 940 3930 Η
965 3863 1000 3916 14
1017 3863 1083 3915 uiua
1102 3866 1151 3915 SV
1169 3862 1182 3932 Η
1207 3863 1272 3916 uiuo
1294 3864 1425 3914 Censori-

311 3962 361 3996 nus
381 3944 394 4014 Η
416 3945 513 3999 ualent
530 3947 559 4000 in
578 3946 732 4016 originibus
756 3953 777 4000 V
797 3946 810 4017 Η
831 3964 913 4017 quam
931 3952 980 4001 SV
999 3947 1011 4018 Η
1033 3965 1104 4017 quae
1126 3952 1287 4003 Censorinus
1308 3948 1321 4018 Η
1342 3949 1376 4003 15
1394 3948 1424 4001 in

312 4032 397 4085 stella
415 4037 436 4085 V
455 4034 468 4102 Η
489 4034 522 4087 16
541 4034 663 4087 statione
682 4022 819 4088 matutina
842 4039 862 4086 V
881 4036 894 4105 Η
916 4037 949 4090 11
968 4041 1111 4091 monetet
1127 4043 1148 4091 S
1170 4036 1182 4109 Η
1203 4039 1236 4093 19
1256 4037 1423 4091 achronicus

310 4121 332 4170 S
346 4116 360 4188 Η
374 4119 521 4173 chronicus
538 4124 561 4171 V
580 4119 594 4190 Η
614 4121 785 4189 acronychos
800 4126 950 4178 Sulrrucsius
963 4132 1088 4180 exercitt.
1105 4131 1171 4180 Plio.
1185 4149 1212 4195 p.
1223 4134 1275 4180 ⁷2⁰
1294 4133 1424 4197 01.Μο0-

311 4210 379 4363 Ῐιὶιιὲι.
395 4207 459 4274 Cup,
474 4211 540 4260 VH!
548 4213 602 4260 880
622 4207 635 4277 Η
655 4209 690 4264 20
702 4212 769 4279 post
781 4209 962 4267 meridianum
974 4218 1023 4267 SV
1037 4212 1051 4286 Η
1071 4216 1105 4270 21
1117 4218 1149 4269 ut
1160 4235 1210 4270 um.
1225 4217 1423 4270 Vc'eosoriaas

366 4293 516 4363 cliteeoant
540 4301 561 4347 V
580 4294 595 4365 Η
