3254 5202
662 482 896 548 -123-

226 671 283 717 ore
303 670 402 716 unam
417 650 563 737 «claram,
587 653 621 717 in
642 651 747 718 fronte
770 649 864 732 duas,
892 653 926 718 in
948 654 1045 720 dorso
1065 659 1131 721 tres
1153 655 1274 741 clares,
1296 656 1371 737 ins

225 765 337 826 uentre
359 782 397 844 11,
424 760 458 824 in
481 761 588 827 cauda
610 785 645 842 v,
673 762 707 825 in
730 761 903 846 aculeum,
932 768 1005 827 sunt
1026 783 1136 829 omnes
1158 786 1260 828 xrmr.
1291 784 1331 829 ex
1354 756 1363 772 ⁰

224 869 275 933 his
298 875 443 952 quatuor,
468 890 551 954 quae
573 873 702 937 suntin
724 870 873 936 cornibus
896 870 978 955 eius,
1015 871 1099 938 duae
1120 873 1244 957 priores
1266 874 1329 938 ela-

224 996 281 1043 rae
296 982 329 1042 et
344 978 428 1045 duae
443 980 610 1060 obscurae,
632 981 735 1047 librae
750 981 963 1065 assignantur,
987 1000 1072 1063 quae
1086 980 1198 1048 chelae
1213 1001 1330 1075 graece

225 1085 382 1151 dicuntur.
1343 1117 1356 1154 ⁵

309 1195 416 1277 Ipsam
438 1198 585 1284 Helicen]

312 1305 445 1389 Bootes,
475 1307 530 1388 qui
552 1313 584 1374 et
604 1314 759 1385 arcturus,
786 1304 887 1373 fertur
910 1325 983 1373 esse
1006 1312 1113 1374 custos
1135 1307 1271 1392 plaustri
1293 1327 1331 1372 eo

227 1413 313 1494 quod
334 1415 512 1498 plaustrum
535 1418 681 1500 sequitur
704 1415 739 1480 id
761 1419 811 1481 est
833 1417 1066 1499 septentriones
1089 1422 1121 1481 et
1143 1415 1237 1498 quasi
1258 1417 1332 1480 sub·

224 1521 346 1587 cinctus
369 1522 411 1588 sit
432 1526 711 1609 septentrionibus.
742 1525 828 1589 huno
851 1522 961 1588 dicunt
982 1525 1164 1591 Archadem
1187 1543 1258 1590 esse
1280 1525 1329 1589 Io-

224 1630 274 1696 uis
296 1636 328 1695 et
350 1633 483 1699 Callisto
506 1635 615 1715 filium,
639 1633 680 1700 de
702 1633 793 1723 cuius
814 1637 887 1717 post
907 1634 1037 1700 nomine
1058 1632 1223 1699 Archadia
1244 1632 1331 1697 dieta
1344 1661 1368 1699 ιο

225 1745 282 1804 est.
314 1760 409 1823 quem
431 1744 565 1829 Lycaon
588 1743 720 1828 Pelasgi
740 1741 838 1821 filius,
862 1761 934 1807 oum
954 1744 1064 1808 Iouem
1085 1740 1226 1826 hospitio
1246 1760 1330 1806 rece-

223 1850 333 1934 pisset,
357 1850 513 1918 infantem
536 1852 736 1919 membratim
757 1850 915 1917 lacerauit
936 1871 1008 1916 eum
1030 1851 1127 1943 exitio
1142 1850 1279 1933 Iouique
1297 1850 1331 1913 in

225 1959 329 2042 epulis
350 1960 473 2044 posuit,
503 1967 662 2046 temptans
684 1961 810 2044 Iouem,
842 1964 947 2025 utrum
969 1960 1048 2025 deus
1070 1966 1165 2026 esset.
1195 1977 1332 2042 cumque

223 2192 453 2260 hebetantem
474 2197 587 2264 stellas
608 2198 642 2261 in
663 2200 800 2278 utroque
821 2194 910 2261 labio
933 2193 1025 2279 dues,
1049 2212 1185 2277 quarum
1207 2194 1369 2278 prioresG

223 2309 297 2367 sunt
323 2323 478 2391 magnae,
505 2311 677 2390 sequentes
703 2304 857 2387 minores,
884 2303 918 2367 in
940 2303 1045 2368 fronte
1067 2309 1145 2383 tres,
1173 2302 1331 2384 equibus
1345 2337 1368 2374 15

222 2412 330 2478 media
352 2415 552 2498 splendidior
574 2421 631 2499 est,
654 2414 689 2478 in
711 2413 806 2478 dorso
828 2418 893 2477 tres
908 2411 1022 2489 claras,
1046 2412 1080 2475 in
1102 2416 1214 2501 uentre
1236 2410 1328 2495 duas,

223 2520 256 2585 in
279 2521 385 2587 cauda
408 2525 558 2607 quinque,
582 2523 616 2588 in
637 2522 751 2588 aculeo
775 2520 866 2585 duas.
898 2525 973 2584 sunt
995 2539 1105 2585 omnes
1127 2540 1228 2584 xmm.

307 2629 434 2696 Arctum
461 2637 569 2698 eustos
595 2631 668 2697 ideo
691 2632 810 2696 Bootes
838 2629 955 2695 dicitur
982 2647 1020 2693 eo
1044 2628 1130 2709 quod
1151 2626 1330 2712 plaustrum

222 2739 365 2822 sequitur
386 2739 421 2804 id
444 2746 493 2806 est
512 2739 761 2825 septentrionem
777 2744 808 2805 et
823 2737 919 2821 quasi
940 2737 1120 2803 succinctus
1142 2736 1184 2802 sit
1205 2743 1330 2821 septen-

221 2849 387 2914 trionibus.
419 2848 534 2916 dieitur
556 2854 664 2913 autem
680 2848 814 2914 Callisto
837 2854 869 2914 et
882 2849 960 2914 Ioue
975 2846 1103 2929 genitus
1119 2852 1151 2913 et
1164 2845 1330 2913 habitasse
1343 2882 1370 2922 20

224 2977 302 3044 erga
323 2959 508 3043 Lycaonem
536 2963 568 3022 et
594 2958 637 3023 ab
660 2958 774 3024 eodem
795 2956 867 3023 Ioui
888 2958 922 3021 in
943 2955 1049 3023 frusta
1071 2955 1219 3022 concisus
1241 2961 1274 3021 et
1295 2957 1330 3020 in

224 3086 337 3133 mensa
358 3066 493 3154 positus,
515 3066 630 3133 iterum
645 3066 837 3133 reformatus
853 3071 885 3132 et
899 3086 921 3131 a
935 3065 1076 3149 quodam
1092 3064 1240 3148 caprario
1256 3083 1331 3129 enu-

221 3177 325 3243 tritus.
433 3206 436 3213 ·
471 3180 474 3186 ’

254 3406 363 3462 loss
386 3403 401 3476 Η
427 3407 446 3477 q
466 3404 562 3459 chelas
581 3418 664 3473 grece
684 3402 813 3458 diouutm
835 3409 856 3458 s
882 3405 895 3476 Η
921 3421 1002 3475 quam
1022 3403 1117 3458 chelas
1137 3403 1214 3473 greci
1234 3403 1369 3473 dicuuts

226 3498 248 3546 V
272 3493 285 3564 Η
315 3494 332 3547 6
353 3497 440 3548 Germ.
454 3495 599 3546 90-968
628 3488 641 3562 Η
667 3492 683 3545 7
703 3493 812 3544 arturus
830 3495 852 3543 S
877 3491 890 3563 Η
913 3491 1027 3548 8Idem
1046 3491 1254 3562 septentriones
1274 3495 1294 3542 S
1315 3489 1328 3562 Η

221 3580 382 3635 succinctus
407 3585 428 3633 V
447 3578 461 3651 Η
480 3581 497 3634 9
516 3577 736 3650 septetrionibns
760 3581 782 3629 V
805 3578 818 3648 Η
843 3578 1004 3633 Archadem
1021 3578 1099 3631 Iouis
1118 3577 1203 3631 filium
1223 3593 1286 3631 esse
1310 3582 1330 3629 V
1403 3622 1406 3629 r

222 3664 236 3737 Η
256 3652 289 3722 sl
308 3667 438 3738 hospicio
455 3672 478 3721 V
497 3664 510 3737 Η
531 3666 564 3721 12
584 3682 646 3721 eum
665 3665 750 3739 epitio
770 3684 820 3719 om.
839 3671 861 3718 V
881 3664 893 3734 ,Ι
914 3667 948 3720 13
966 3664 1099 3736 apposuit
1121 3669 1144 3717 V
1161 3663 1176 3735 Η
1197 3680 1276 3734 queq
1288 3663 1329 3718 io-

220 3753 265 3807 uis
284 3758 305 3806 S
326 3751 338 3824 Η
414 3748 418 3753 “

255 3927 291 3983 14
307 3927 385 3981 rana
404 3927 470 3981 cca
490 3927 504 3999 Η
523 3927 618 3997 priore
639 3927 678 3980 ca
697 3925 711 3997 Η
732 3926 766 3982 rs
784 3926 813 3979 rn
833 3943 859 3996 q.
880 3923 937 3996 aq
963 3894 1235 3999 1esprenus10reli
1256 3926 1295 3977 ca
1314 3923 1327 3995 Η
1345 3939 1368 3986 0

220 4015 255 4069 17
273 4018 350 4082 infra
368 4018 519 4082 scorpionis
537 4020 625 4082 {oropo
646 4012 750 4068 GG‘Gffi
772 4011 784 4084 Η
806 4011 971 4068 SGORPIO
990 4014 1117 4067 subscrib.
1140 4015 1163 4066 θ
1184 4012 1196 4081 Η
1218 4011 1328 4067 SOOR-

220 4101 313 4156 PIVS
334 4103 373 4153 G·
402 4100 416 4172 Η
444 4103 478 4156 18
503 4102 645 4156 custus&
673 4099 686 4172 Η
715 4101 781 4155 ideo
801 4099 944 4153 ooafflel
974 4098 987 4170 Η
1017 4097 1225 4171 septentrionis
1246 4101 1285 4151 θ’
1314 4097 1328 4167 Η

221 4188 256 4241 19
275 4188 418 4242 succintus
439 4186 500 4259 ΘΗ
525 4190 561 4244 20
579 4188 678 4243 caliste
699 4187 803 4242 66*οῠ
828 4187 842 4258 Η
867 4204 902 4242 ex
922 4190 960 4241 (pa
985 4187 999 4259 Η
1023 4189 1057 4241 21
1077 4187 1192 4258 lycaone
1214 4186 1238 4237 G
1257 4182 1271 4255 Η
1295 4184 1328 4237 li-

223 4288 310 4328 caone
331 4274 409 4330 <306⁶
430 4278 443 4347 Η
462 4275 527 4331 ioue
548 4273 652 4331 aanor
672 4274 686 4346 Η
706 4274 852 4329 frustras
872 4271 886 4345 Η
