3254 5202
803 520 1031 586 -110—

360 706 438 754 uero
465 686 577 751 merito
605 704 713 751 aerem
743 690 775 751 et
803 684 966 752 aetherem
988 686 1074 769 qnod
1096 687 1130 753 in
1151 687 1202 754 his
1225 689 1289 755 sint
1310 691 1419 758 sidero
1440 697 1472 759 et

360 798 532 862 Homerum
552 797 661 861 Ionem
685 795 805 860 dixisse
827 795 861 859 in
883 794 991 877 aliqua
1011 801 1102 880 parte
1124 798 1248 865 eaelum

488 898 533 983 ὥς
556 898 589 970 δ’
615 900 670 972 ὅτε
692 907 853 994 ταρφεῖαι
876 904 1016 995 νεφέλαι
1037 904 1124 986 Διὸς
1146 905 1363 976 ἐκποτέονται

358 1014 481 1099 etipse
504 1016 637 1110 Aratus·

319 1151 332 1189 s
920 1118 1024 1213 αὐτὰρ
1049 1118 1207 1207 ὁἿπντοςΙ

486 1232 521 1301 ἒν
544 1233 631 1312 Διὸς
654 1227 803 1300 εἱλεῖται.

357 1364 429 1410 oum
450 1344 526 1410 dioit
539 1342 723 1408 Herodotus
737 1342 848 1408 Iouem
871 1341 988 1407 dietum
1011 1362 1127 1428 aerem,
1150 1351 1182 1411 et
1196 1346 1308 1414 Crates
1324 1348 1468 1414 eiusdem

357 1454 516 1539 opinionis
539 1460 588 1521 est
610 1459 786 1537 testemque
808 1471 880 1518 esse
902 1449 1124 1518 Philemonem
1145 1454 1301 1521 nominum
1323 1457 1400 1521 dicit

487 1553 525 1629 ὃν
547 1557 629 1631 οὐδὲ
651 1553 701 1642 οἷς
723 1561 867 1649 λέληθεν
890 1556 970 1643 οὐδὲ
991 1556 1027 1628 ἓν
1048 1566 1159 1630 ποιῶν

324 1699 350 1738 ιο
490 1665 567 1740 οὔτε
589 1671 691 1739 κακον
714 1664 781 1739 οὔτ’
805 1663 857 1759 dp’
881 1670 1017 1752 ἐσθλὸν,
1040 1662 1137 1754 οὗτός
1160 1659 1223 1758 οἶμ’
1247 1669 1311 1762 ἐγώ

479 1778 581 1871 Ἆήρ’,
607 1774 645 1850 ὃν
668 1775 708 1849 dv
730 1806 781 1862 τις
805 1776 984 1865 ὀνομάσειν
1005 1782 1062 1849 καὶ
1083 1781 1164 1852 Δία.

354 1891 415 1959 hoe
437 1899 545 1959 eutem
568 1899 692 1960 oonstnt
714 1898 745 1958 et
765 1893 871 1977 ipsum
893 1893 1024 1957 Aratum
1048 1891 1154 1959 disere

557 2002 616 2071 τὸν
639 1996 796 2071 οὐδέποτ’
820 1994 939 2089 ἄνδρες
960 1997 1066 2085 ἐῶμεν

483 2101 634 2200 ἄρρητον.

318 2251 344 2290 rs
356 2242 496 2307 nomque
519 2223 595 2307 quia
615 2222 696 2286 nihil
717 2221 806 2286 aliud
829 2225 877 2287 est
898 2241 964 2286 uox
979 2241 1076 2304 qnam
1091 2241 1263 2306 percussus
1285 2242 1353 2308 aer,
1375 2223 1465 2289 uido-

355 2339 406 2398 tur
427 2330 656 2398 conuenienter
679 2328 801 2396 dixisse
817 2331 1101 2414 auotoritatemque
1115 2330 1162 2395 rei
1177 2336 1320 2416 praestat
1338 2327 1463 2419 ‘plenas

353 2442 430 2506 Ioue
458 2436 541 2506 uias'
571 2440 712 2506 referens
746 2446 776 2505 et
799 2433 922 2505 ‘omnis
948 2440 1110 2506 hominum
1138 2438 1336 2509 conuentus)
1384 2444 1463 2510 nihil

356 2571 468 2618 eorum
495 2572 578 2635 quae
599 2550 633 2615 in
655 2555 739 2615 terra
760 2550 824 2616 sint
845 2549 915 2614 sine
937 2568 1012 2614 aere
1035 2555 1091 2614 est.
1121 2551 1247 2617 ratione
1270 2553 1364 2618 etiem
1382 2547 1463 2620 ‘om-

355 2664 405 2729 nis
426 2662 514 2727 Iouis
535 2679 628 2725 usum
650 2655 892 2727 desideremus.³
916 2680 991 2725 nam
1006 2659 1112 2725 ounoti
1126 2661 1277 2727 mortales
1292 2663 1462 2729 ostendunt

353 2877 369 2931 1
389 2888 456 2937 esre
473 2875 503 2926 et
521 2870 668 2927 aetheros
687 2869 701 2940 Η
720 2870 820 2924 merito
840 2871 906 2941 quis
924 2871 952 2926 in
970 2887 1035 2926 sero
1054 2875 1084 2925 et
1102 2872 1197 2927 ethere
1216 2874 1282 2930 sunt
1299 2873 1393 2931 sidere
1405 2878 1460 2948 (sy-

353 2961 421 3017 dera
438 2963 478 3025 Π)
497 2964 553 3012 111⁷
571 2956 584 3029 Η
606 2959 624 3012 2
642 2956 732 3010 celum
750 2961 827 3010 IISV
845 2957 859 3029 Η
878 2961 896 3015 3
914 2963 1024 3012 Homeri
1043 2977 1149 3013 nereum
1168 2979 1218 3018 om.
1236 2967 1292 3015 HV
1309 2961 1322 3033 Η
1345 2962 1459 3024 wop-0

331 3064 493 3127 ’τοΥιΑε
512 3046 531 3136 ri
550 3066 779 3122 {immedendi
802 3067 892 3122 Atoc
912 3063 1158 3117 exnoteontais
1185 3062 1200 3134 Η
1228 3065 1246 3122 5
1269 3069 1356 3136 «orso
1375 3085 1459 3125 ennon

352 3154 546 3208 ενοδῶυλτιται
569 3153 598 3202 et
622 3148 684 3218 ipse
702 3147 768 3214 (sen
785 3151 829 3199 uel
846 3153 1123 3215 septem-litterarum
1144 3154 1255 3218 incesso)
1273 3152 1379 3207 Aratus
1397 3159 1429 3207 Π
1444 3152 1458 3222 Η

354 3244 487 3294 dodrante
507 3241 594 3289 limene
613 3253 696 3287 οοονο
715 3237 811 3286 relicto
831 3236 861 3286 et
878 3233 940 3303 ipse
952 3235 1059 3290 Aram
1078 3237 1144 3304 (tom
1157 3242 1234 3291 noire
1246 3243 1305 3307 fere
1318 3243 1405 3293 lineae
1419 3244 1461 3291 1ο-

351 3331 429 3391 οονο)
454 3322 508 3394 ΡΗ
531 3328 615 3381 ΑΙΤΑ
639 3326 785 3380 ΡΟΙΓΙΠΟ
808 3326 970 3383 ΕΕΝΔΙΟΟ
992 3329 1124 3383 ΕΛΑΤΑΙ
1144 3328 1166 3376 S
1185 3322 1198 3395 Η
1224 3325 1325 3394 Ἱοοίο
1344 3324 1416 3379 dixit
1432 3331 1461 3378 11

355 3412 369 3485 Η
389 3416 419 3468 et
431 3432 479 3465 οοι.
494 3416 522 3463 Π
540 3409 554 3481 Η
576 3410 675 3466 Grates
695 3407 806 3478 quidem
819 3413 875 3462 ΠΥ
895 3408 909 3479 Η
929 3411 1055 3465 eiusdem
1068 3415 1113 3466 ost
1125 3410 1266 3483 opinionis
1278 3417 1333 3464 ΠΥ
1351 3412 1366 3482 Η
1385 3412 1459 3466 sius-

352 3499 414 3554 dem
434 3497 574 3569 opinionis
594 3500 661 3551 etS
683 3494 697 3567 Η
716 3498 734 3551 8
752 3495 893 3567 philonem
913 3503 944 3548 Π
959 3498 974 3567 Η
994 3496 1141 3569 phylonem
1158 3502 1208 3552 SV
1226 3497 1239 3570 Η
1259 3499 1394 3552 nomicum
1413 3499 1460 3569 qni

351 3594 382 3641 11
399 3588 412 3657 Η
432 3579 600 3655 comiefiqs
626 3582 641 3655 Η
665 3594 726 3652 post
751 3582 821 3637 dicit
846 3586 957 3635 dicerem
977 3586 1108 3637 tinearum
1128 3594 1154 3637 et
1173 3588 1300 3638 dimidiae
1319 3589 1414 3639 lacoon
1433 3591 1465 3639 Π

350 3677 476 3727 remissae
495 3677 583 3725 essese
604 3674 700 3722 rasum
721 3674 743 3722 ν
761 3667 774 3741 Η
795 3673 811 3726 9
832 3678 888 3730 ωΝ
904 3653 974 3730 ein
989 3676 1303 3733 εειεοεΑΝοεΝοο
1314 3686 1319 3752 i
1333 3680 1458 3734 tenor

352 3767 461 3820 Teren
478 3760 1023 3833 dodoiterdeconoroottrfic
1040 3768 1072 3820 ΕΙ
1091 3768 1189 3822 ΜΕΙΕΙ
1210 3762 1352 3829 (dimidiae
1372 3768 1459 3816 tineae

350 3855 460 3918 trenno)
481 3854 642 3908 ωΧΝΡΟΝ
656 3854 766 3908 Arene
782 3853 1132 3914 ΟΝΟΜΑΕΕΙΕΒΙΙΑΕΙΑ
1149 3854 1170 3903 S
1190 3849 1205 3920 Η
1225 3849 1404 3920 metipsum
1417 3848 1459 3902 di-

350 3954 414 3992 cere
435 3943 503 4006 (fese
523 3957 617 3991 nouom
638 3943 723 3990 litter.
743 3941 849 4002 locusta)
862 3944 894 3992 11
908 3943 996 4003 (unios
1009 3945 1096 3993 tineae
1111 3940 1218 4013 insono)
1237 3945 1260 3994 V
1278 3938 1290 4011 Η
1312 3942 1459 4022 ΤΟΝΟΥΙ

350 4032 518 4087 ΔεοοτΑι
543 4031 682 4083 ΑΗΑΡεο
706 4030 838 4084 senen
863 4032 1041 4087 ΑΡΡΝτοΝ
1068 4026 1081 4097 Η
1107 4029 1140 4084 15
1164 4044 1226 4081 nam
1243 4033 1275 4081 n
1295 4027 1309 4097 Η
1334 4026 1374 4081 nn
1391 4032 1423 4079 n
1443 4025 1457 4096 Η

348 4149 435 4205 nichil
453 4152 474 4201 S
497 4147 512 4219 Η
536 4123 580 4216 (Ην
600 4164 669 4199 corr.
688 4163 724 4198 νο
742 4143 826 4214 qiris
854 4144 868 4217 Η
896 4153 956 4202 ens
974 4147 1149 4202 oonusnisnt’
1168 4152 1189 4201 S
1213 4147 1227 4218 Η
1254 4150 1290 4204 16
1307 4147 1456 4202 dixississe

347 4242 379 4291 Π
394 4235 409 4308 Η
428 4234 624 4290 anctoritatem
641 4230 661 4302 ἶ]
678 4237 699 4286 S
720 4229 734 4301 Η
754 4233 787 4287 17
804 4232 845 4285 nil
863 4238 893 4285 Π
909 4232 923 4305 Η
943 4235 977 4290 18
995 4249 1049 4304 que
1065 4239 1088 4287 S
1107 4234 1121 4306 Η
1142 4239 1208 4289 sunt
1224 4254 1273 4288 om.
1292 4238 1314 4288 8
1339 4234 1354 4305 Η
1377 4234 1457 4289 euius

349 4339 445 4379 omnes
463 4339 543 4379 usum
563 4325 617 4376 ΠΥ
635 4320 650 4393 Η
674 4334 770 4379 omnes
789 4319 868 4375 cuins
886 4335 965 4377 usum
982 4325 1004 4375 8
1024 4319 1038 4392 Η
1059 4323 1094 4378 19
1112 4325 1214 4378 eunots
1229 4325 1252 4376 ³
1269 4320 1286 4393 Η
