3202 5200
605 457 841 524 -215-

166 628 200 692 in
226 628 311 692 nube
339 646 443 708 neque
470 626 603 690 inflatu
625 626 743 693 cadunt
765 644 868 708 rores,
897 625 944 690 sic
969 644 1098 706 quoque
1118 647 1184 691 uon
1209 628 1318 702 sines

165 735 317 801 remedio.

212 894 216 900 -
253 846 421 910 Sarmenta
448 851 503 909 aut
524 845 690 928 palearum
713 862 848 909 aceruos
870 848 902 907 et
923 843 1053 909 euulsas
1074 842 1192 910 herbas
1213 844 1278 911 fru-

166 954 311 1036 ticesque
333 974 391 1037 per
413 954 527 1019 uineas
549 972 753 1037 camposque,
777 972 848 1017 cum
870 952 1007 1031 timebis,
1029 952 1207 1032 incondito,
1230 955 1276 1020 fu-

166 1083 238 1127 mus
263 1062 451 1128 medebitur.
487 1062 541 1130 hio
568 1084 586 1128 e
612 1062 715 1146 paleis
743 1067 776 1127 et
803 1067 914 1126 contra
935 1061 1070 1126 nebulas
1088 1062 1313 1149 auxiliatus

167 1171 230 1244 ubi¹
244 1171 380 1238 nebulae
402 1178 527 1238 nocent.
563 1172 693 1256 quidam
714 1177 781 1235 tres
803 1190 935 1236 cancros
957 1171 1050 1237 uiuos
1074 1173 1207 1237 cremari
1229 1175 1276 1238 iu-

163 1281 243 1365 bent
264 1280 298 1344 in
320 1281 467 1364 arbustis,
492 1287 526 1346 ut
548 1282 762 1347 carbunculus
785 1300 849 1344 non
871 1286 994 1346 noceat.
1017 1279 1073 1344 alii
1095 1281 1185 1347 siluri
1207 1302 1276 1347 car·
1343 1362 1346 1371 ι

167 1408 238 1453 nem
261 1390 374 1453 leniter
396 1390 444 1454 uri
467 1398 607 1470 auento,
630 1397 665 1456 ut
686 1410 744 1475 per
766 1395 864 1454 totam
886 1389 1014 1457 uiueam
1036 1389 1140 1456 firmus
1155 1390 1278 1475 disper-

166 1503 268 1579 gatur.
304 1500 406 1563 Varro
422 1506 533 1565 auctor
548 1506 605 1576 est,
629 1500 657 1564 si
672 1500 821 1564 fidiculae
836 1519 962 1577 occasu
985 1498 1072 1581 quod
1087 1505 1137 1564 est
1151 1499 1276 1564 initium

166 1607 322 1684 autumni,
357 1627 421 1672 uua
450 1609 535 1692 picta
561 1614 765 1675 consecretur
791 1608 873 1675 inter
900 1609 995 1688 uites,
1030 1609 1134 1673 minus
1161 1627 1276 1672 nocere
1290 1637 1315 1673 ιο

165 1719 382 1797 tempestates.
415 1717 584 1784 Archibius
599 1717 642 1783 ad
656 1716 848 1784 Antiochum
869 1717 983 1802 Syriae
1004 1716 1114 1799 regem
1138 1717 1274 1801 scripsit,

164 1823 192 1909 si
221 1824 309 1890 tiotili
338 1847 423 1892 nouo
451 1827 604 1893 obruatur
631 1829 745 1893 rubeta
766 1846 848 1892 rana
869 1827 903 1891 in
925 1827 1033 1893 media
1055 1833 1182 1909 segete,
1209 1846 1275 1890 non

166 1950 238 1999 esse
260 1934 374 2000 noxias
396 1941 609 2018 tempestates.

432 2105 528 2171 Plinii
550 2106 691 2173 Secundi
714 2127 753 2173 ex
776 2106 889 2173 eodem
911 2104 1003 2170 libro.
1033 2122 1038 2129 ’

249 2240 454 2324 Primumque
480 2263 501 2307 a
529 2243 597 2307 sole
627 2224 791 2326 capiemus
818 2243 1014 2325 praesagia⁸¹
1043 2224 1141 2325 purus
1169 2243 1275 2311 oriens
1289 2267 1312 2304 u

163 2356 259 2430 atque
283 2370 347 2413 non
369 2350 509 2433 feruens,
533 2372 680 2416 serenum
702 2351 787 2415 diem
809 2351 941 2427 nuntiat,
965 2355 998 2413 at
1019 2349 1186 2414 hibernam
1207 2355 1276 2434 pal-

164 2459 248 2523 lidus
271 2459 470 2538 grandinem.
495 2461 523 2525 si
547 2465 579 2525 et
602 2457 717 2524 occidit
739 2458 842 2542 pridie
859 2476 990 2522 serenus
1007 2461 1038 2519 et
1054 2457 1163 2537 oritur,
1187 2464 1275 2525 tanto

165 2567 331 2631 certiorem
355 2567 451 2631 fidem
467 2568 647 2637 serenitatis
664 2567 810 2633 ostendit.
836 2585 997 2630 concauus
1020 2566 1127 2633 oriens
1148 2552 1276 2657 pluuias

164 2674 330 2759 praedicit,
351 2674 437 2742 idem
460 2684 584 2755 uentos,
609 2683 777 2744 comante
800 2676 996 2741 exorientem
1019 2695 1092 2740 eum
1106 2677 1209 2742 nubes
1219 2658 1275 2741 ¹ru-

130 2862 134 2867 ⁴
164 2783 312 2862 bossunt,
342 2785 429 2867 quod
452 2787 480 2852 si
501 2793 533 2853 et
553 2789 665 2871 nigrae
687 2785 875 2852 rubentibus
897 2784 1126 2851 interuenerint
1155 2793 1186 2851 et
1205 2787 1273 2871 plu·
1286 2812 1313 2850 ao

200 2957 214 3010 1
235 2956 296 3010 siue
309 2956 433 3011 remedio
447 2963 586 3014 sarmenta
599 2959 785 3025 (sacramenta
797 2959 829 3025 S)
841 2959 879 3009 sic
892 2959 1016 3010 cariliaco
1028 2961 1078 3009 8Ρ
1096 2955 1110 3025 Η
1130 2959 1147 3011 3
1164 2956 1271 3027 platea·
1291 2970 1313 3017 s

164 3059 223 3096 rum
240 3041 290 3113 ΡΗ
310 3044 502 3115 4iructicesq.
516 3049 537 3097 8
544 3052 565 3098 Ρ
583 3045 596 3115 Η
617 3050 646 3099 et
658 3046 747 3099 fumus
766 3051 788 3096 Ρ
800 3043 814 3114 Η
828 3045 844 3098 5
858 3048 887 3096 et
900 3062 948 3099 om.
967 3040 1015 3112 ΡΗ
1031 3047 1075 3111 est
1088 3044 1236 3099 auxiliator
1254 3051 1277 3099 Ρ
1320 3082 1323 3087 ·

166 3130 180 3200 Η
200 3133 217 3186 6
235 3130 402 3199 tibiuebule
422 3137 443 3185 Ρ
462 3131 474 3202 Η
495 3134 546 3187 tris
559 3136 662 3186 Plinius
683 3131 695 3202 Η
717 3133 732 3185 t
751 3132 780 3184 in
793 3131 916 3185 arbustis
930 3148 978 3185 om.
997 3135 1019 3182 Ρ
1037 3127 1052 3199 Η
1071 3134 1102 3183 ut
1115 3130 1274 3185 carbunculi

163 3232 218 3269 non
231 3221 353 3272 noceant
368 3221 385 3270 ‘t
399 3224 502 3273 Plinius
516 3219 531 3289 Η
545 3219 670 3273 siluestri
682 3222 704 3271 8
716 3217 732 3291 Η
746 3220 905 3273 siluestrem
923 3222 946 3270 Ρ
958 3215 971 3287 Η
986 3217 1064 3289 siluri
1076 3216 1091 3267 t
1109 3217 1125 3287 Η
1144 3217 1275 3273 iileuiter

164 3307 296 3362 tPlirrius
315 3306 329 3376 Η
349 3310 381 3359 ut
398 3322 416 3359 a
433 3311 517 3361 uento
535 3323 555 3376 p
574 3310 594 3359 8
619 3305 632 3376 Η
658 3311 689 3360 et
708 3324 724 3360 a
742 3311 827 3361 uento
846 3324 865 3378 p
889 3304 943 3376 ΡΗ
968 3323 986 3359 a
1003 3309 1087 3359 uento
1107 3307 1137 3357 ut
1155 3320 1206 3374 per
1225 3306 1239 3355 b
1260 3304 1273 3374 Η

164 3391 342 3463 dispergatur
360 3398 380 3445 8
400 3392 414 3464 Η
436 3394 582 3465 dispgatur
605 3392 659 3463 ΡΗ
685 3397 702 3450 9
721 3398 819 3450 auctor
838 3398 867 3447 et
886 3394 910 3447 si
928 3396 949 3445 S
976 3391 990 3463 Η
1015 3395 1191 3449 auctorest:
1210 3393 1276 3462 quia

168 3484 190 3532 Ρ
213 3479 227 3549 Η
252 3485 350 3535 auctor
369 3485 413 3535 est
432 3481 507 3550 quod
526 3482 584 3535 sib
614 3482 628 3550 Η
657 3486 755 3535 auctor
774 3488 820 3537 eat
838 3482 864 3535 si
882 3484 986 3533 Plinius
1015 3478 1028 3549 Η
1057 3478 1200 3550 phidiculc
1219 3484 1240 3532 8
1260 3478 1274 3549 Η

163 3567 311 3638 phydicule
335 3571 357 3618 Ρ
380 3566 395 3637 Η
420 3570 454 3625 10
472 3584 528 3620 una
545 3568 619 3637 pitto
636 3571 656 3620 8
678 3567 691 3636 Η
715 3582 770 3619 una
788 3568 854 3636 pica
878 3569 914 3620 Pl
935 3566 948 3638 Η
968 3580 1022 3619 uua
1040 3567 1118 3636 picta
1138 3570 1239 3618 Plinius
1261 3566 1274 3635 Η

163 3658 343 3709 consecratur
361 3658 382 3706 8
402 3651 417 3724 Η
435 3654 504 3707 uitis
524 3657 628 3705 Plinius
649 3652 662 3722 Η
682 3657 804 3705 noceant
827 3651 881 3720 ΡΗ
902 3654 935 3707 11
954 3653 1114 3721 Archybius
1137 3658 1161 3704 Ρ
1180 3651 1192 3722 Η
1212 3652 1272 3706 Au·
1314 3643 1335 3681 ⁰
1361 3708 1368 3720 ,

161 3743 304 3797 thiochum
324 3746 345 3793 8
365 3740 380 3810 Η
398 3754 494 3808 rogem
512 3739 579 3791 sirie
601 3740 624 3789 Ρ
643 3738 656 3805 Η
678 3737 785 3791 siris-S
808 3737 822 3807 Η
848 3740 883 3792 12
901 3739 995 3792 sectili
1018 3737 1072 3809 ΡΗ
1098 3755 1171 3793 nouo
1191 3740 1274 3794 obse·

162 3831 227 3882 rato
237 3829 370 3881 obruatur
388 3830 402 3879 b
423 3829 435 3897 Η
455 3828 648 3895 tempestates.
657 3824 814 3897 fExplioit.
822 3823 872 3894 ΗΒ
885 3823 902 3893 Η
914 3830 1035 3894 sequitur
1047 3828 1214 3894 amplificato
1226 3848 1276 3895 po-

163 3917 249 3968 lorum
260 3917 410 3981 descriptio
421 3916 449 3966 io
461 3916 483 3965 8
488 3918 510 3965 Ρ
528 3917 562 3980 cf.
578 3914 641 3963 adu.
653 3930 682 3977 pr
693 3914 781 3978 “²23
801 3909 814 3981 Η
835 3912 871 3967 14
882 3916 950 3968 Plio.
966 3917 992 3964 X
998 3919 1063 3966 Pul
1071 3902 1135 3971 ⁶341.
1145 3922 1198 3968 342
1215 3921 1276 3968 loo.

166 3998 178 4069 Η
199 4004 323 4055 Alterum
339 4000 387 4053 boc
406 4009 562 4066 eucarpium
579 4002 652 4053 solus
670 3999 749 4051 babet
763 4003 796 4063 8,1
813 4003 953 4052 cmeuduui
970 4018 1005 4052 cer
1017 4005 1108 4059 Plinio,
1120 4011 1147 4054 ct
1159 4005 1274 4056 Isidoro.

164 4089 292 4139 lectiones
304 4090 466 4140 arroasiam·
484 4090 542 4139 εἰπε
556 4090 631 4153 sipon
650 4090 766 4138 stolatae
780 4096 842 4138 succi
863 4084 877 4155 Η
898 4088 931 4144 16
949 4088 1059 4158 nuptiat
1072 4089 1086 4158 Η
1105 4089 1238 4142 hibernus
1259 4088 1273 4159 Η

162 4170 306 4224 hibernam
324 4176 427 4229 Plinius
447 4170 460 4240 Η
486 4173 519 4228 18
539 4172 642 4226 certior
661 4169 674 4240 Η
695 4172 842 4226 certiorem
860 4178 958 4241 scripsi
979 4173 992 4244 Η
1015 4176 1118 4230 certior
1136 4175 1206 4229 tides
1226 4190 1271 4230 se·

162 4257 300 4312 recitatis.
320 4258 423 4312 Plinius
443 4256 459 4330 Η
478 4260 511 4315 19
529 4261 648 4314 uenctos
668 4257 682 4329 Η
703 4259 846 4315 exoriente
866 4258 881 4335 Η
