3252 5204
779 518 1013 567 *XXX-

350 672 449 738 lihros
475 671 509 736 in
535 671 645 755 primis
671 674 721 761 Ep
753 673 947 741 adhiberem.
985 671 1019 736 in
1050 670 1180 737 scholiis
1207 669 1444 737 Basileensihus

347 790 500 863 lectiones
526 789 670 856 codicum
699 792 763 857 ΑΡ
786 793 936 875 religiose
965 790 1090 875 notaui,
1116 791 1179 856 nisi
1205 787 1291 873 quod
1318 807 1446 856 concre-

346 909 489 993 pantium
503 927 706 974 numerorum
721 911 828 976 uarias
842 910 1013 994 scripturas
1027 908 1236 992 negleximus.
1252 927 1445 992 quamquam

347 1027 632 1094 innocentioribus
654 1026 786 1096 scholiis
807 1029 939 1095 liberius
961 1029 1026 1115 egi,
1054 1035 1159 1095 tamen
1181 1047 1223 1095 ne
1245 1026 1373 1093 nimiam
1395 1046 1446 1093 eo

348 1148 433 1230 piam
448 1146 673 1232 scripturarum
691 1148 893 1231 praebuerim
906 1168 1029 1215 uereor.
1052 1146 1312 1232 orthographiam
1326 1143 1446 1213 codicis

348 1268 378 1330 A
399 1273 440 1344 et,
464 1286 535 1332 cum
556 1265 611 1331 ille
632 1266 819 1346 intermittit,
842 1266 962 1334 codicis
976 1271 1009 1334 B
1023 1274 1148 1335 secutus
1162 1289 1233 1335 sum
1247 1267 1281 1333 in
1294 1264 1443 1347 carmine,

347 1383 540 1450 scholiorum
555 1383 817 1471 orthographiam
838 1385 1066 1453 moderandam
1088 1407 1159 1455 esse
1174 1385 1285 1472 putaui
1299 1384 1444 1454 exlium

347 1504 523 1570 Basileensi
545 1502 728 1570 Stroaniano
751 1504 1027 1591 Saugermanensi.

430 1621 553 1701 Quibus
569 1621 610 1687 de
632 1624 737 1690 causis
757 1645 789 1690 u.
811 1624 933 1690 Phaen.
956 1630 1125 1695 531—569
1146 1624 1237 1691 uncis
1249 1621 1444 1691 includenda

347 1746 378 1807 et
406 1740 681 1826 Prognostioorum
714 1741 894 1826 fragmento
926 1744 1027 1829 primo
1057 1742 1228 1810 inserenda
1257 1740 1442 1819 censuerim,

346 1858 410 1923 iam
438 1865 533 1925 antea
554 1882 585 1945 p.
601 1885 635 1926 x1
656 1862 824 1947 explieaui.
858 1862 1039 1947 fragmenta
1059 1864 1132 1949 ipsa
1157 1863 1204 1927 ita
1225 1859 1382 1945 disposui,
1408 1863 1443 1927 ut

347 1997 419 2043 eum
442 1978 584 2046 ordinem
608 2002 770 2065 sequerer,
794 2003 887 2066 quem
909 1989 1129 2067 argumentum
1152 2000 1260 2048 eorum
1282 1979 1442 2064 postulate

345 2096 483 2164 uidetur.
505 2120 578 2164 nam
594 2120 635 2166 ex
644 2103 776 2168 secundi
787 2102 957 2189 fragmenti
971 2102 1033 2170 fine
1049 2103 1091 2191 [u.
1108 2107 1149 2172 23
1164 2080 1325 2188 ιᾳᾳ.]Ἰιοο
1338 2099 1443 2185 ipsum

347 2240 367 2284 a
392 2216 486 2284 tertio
514 2224 677 2303 exceptum
699 2220 798 2287 firisse
819 2227 959 2307 apparet.
992 2221 1133 2290 seeundo
1156 2226 1263 2286 autem
1284 2218 1363 2285 illud
1385 2236 1440 2283 an-

345 2339 443 2405 teisse
465 2338 617 2424 suspicor,
642 2340 728 2422 quod
742 2340 775 2404 in
789 2340 891 2425 primo
912 2343 983 2407 loco
1005 2342 1106 2426 posui.
1130 2340 1246 2408 etenim
1261 2358 1332 2404 cum
1345 2340 1442 2421 poeta

343 2459 377 2522 in
398 2458 459 2524 hoc
473 2457 613 2523 carmine
634 2458 872 2527 coniunctiones
893 2461 1095 2546 planetarum
1110 2479 1181 2526 cum
1196 2455 1362 2523 duodecim
1377 2454 1442 2536 sig-

344 2577 396 2642 nis
415 2576 613 2656 tractarent,
642 2577 746 2661 primo
773 2599 845 2646 eum
872 2580 913 2647 de
936 2580 1066 2647 zodiaco
1088 2579 1159 2663 ipso
1181 2577 1288 2664 egisse
1309 2575 1378 2642 ueri
1400 2574 1442 2639 si-

347 2695 422 2762 mile
443 2701 501 2761 est

428 2814 558 2880 Scholia
578 2815 625 2880 ita
646 2815 775 2902 digessi,
798 2823 832 2882 ut
846 2818 1044 2884 Basileensia
1058 2837 1201 2884 seorsum
1216 2813 1442 2881 exhibeantur.

344 2934 527 2999 Strozziana
541 2939 647 3000 autem
662 2942 693 3001 et
706 2935 998 3023 Sangermanensia
1018 2937 1108 3003 libris
1128 2937 1183 3005 86
1203 2935 1237 3000 in
1259 2933 1443 2999 uniuersum

345 3054 612 3138 concrepantibus
625 3055 659 3120 in
673 3075 770 3121 unum
785 3057 897 3142 redegi
913 3057 955 3145 [p.
971 3060 1146 3134 loo—107,
1159 3058 1208 3123 13.
1222 3057 1292 3132 193,
1303 3055 1440 3130 5-202,

344 3171 387 3258 8],
402 3178 436 3236 at
449 3173 505 3238 ubi
515 3174 642 3267 codices
653 3194 783 3258 prorsus
797 3176 879 3242 inter
890 3196 926 3242 se
937 3174 1173 3259 discrepabant,
1189 3177 1244 3239 aut
1255 3170 1442 3238 Stroaaiana
1505 3244 1509 3249 ‚
1602 3164 1603 3237 3

343 3309 494 3356 unacum
509 3289 839 3375 Sangermanensibus
861 3295 1037 3374 coniuncta,
1060 3292 1119 3359 sed
1139 3292 1184 3357 ita
1205 3297 1239 3357 ut
1261 3289 1363 3374 spatio
1385 3309 1440 3356 uu·
1564 3343 1568 3349 ,

343 3429 403 3474 cuo
426 3415 458 3475 et
480 3409 505 3477 S
524 3411 554 3476 G
575 3409 686 3477 litteris
708 3414 842 3498 margini
863 3412 1016 3499 adpositis
1032 3411 1285 3478 discernerentur
1308 3408 1350 3497 [p.
1369 3413 1439 3495 112,

342 3534 487 3608 4-182,
503 3529 556 3617 8],
584 3536 638 3594 aut
662 3549 806 3596 seorsum
828 3532 1012 3599 Strozziana
1035 3529 1119 3618 [107,
1139 3533 1349 3608 14-112,3.
1369 3533 1438 3615 182,

342 3654 478 3734 9-193,
493 3655 524 3718 4.
547 3648 727 3735 aes-220]
751 3657 845 3735 atque
866 3651 942 3717 item
964 3649 1256 3733 sangermanensis
1279 3648 1323 3736 [p.
1333 3653 1440 3717 221-

341 3767 416 3855 232]
441 3767 629 3835 excudenda
652 3769 771 3836 curaui.
795 3776 956 3853 postremo
978 3769 1087 3835 addidi
1109 3768 1232 3835 scholia
1252 3769 1437 3837 Bernensia.
1563 3810 1566 3816 ·

426 3887 476 3953 De
491 3886 682 3954 editionibus
697 3888 895 3973 Arateorum
918 3909 999 3973 quas
1020 3888 1166 3971 equidem
1187 3887 1331 3969 uiderim,
1353 3895 1439 3955 recta

341 4004 477 4071 Orellius
502 4004 544 4092 [p.
558 4011 618 4074 149
630 4006 690 4094 sq.]
713 4008 875 4074 iudicauit.
898 4008 992 4073 etiam
1013 4006 1108 4072 hodie
1129 4006 1212 4074 inter
1233 4027 1342 4073 omnes
1363 4008 1438 4074 emi·

341 4131 394 4190 net
414 4125 513 4191 editio
536 4124 710 4211 (modona,
741 4147 832 4211 quae¹
853 4147 936 4193 anno
961 4133 1043 4196 1600
1067 4124 1215 4210 Lugduni
1241 4127 1436 4194 Batauorum

339 4244 372 4309 in
394 4245 495 4311 lucem
522 4245 648 4330 prodiit.
683 4265 723 4311 ea
751 4265 877 4329 semper
899 4246 958 4310 erit
978 4245 1180 4329 splendidum
1201 4251 1437 4312 monumentum

338 4364 453 4435 summi
466 4362 588 4448 ingenii
603 4370 699 4449 atque
714 4365 930 4451 amplissimae
941 4365 1115 4431 doctrinae.
1137 4365 1437 4451 adstruamus,
