3202 5200
573 577 615 593 -
661 539 721 608 rao
764 501 831 590 -’

133 726 229 797 tenet,
253 723 308 784 aut
329 715 530 800 pantheram,
543 733 650 794 uuam
680 715 849 777 centaurus
877 715 991 792 gestat.
1026 729 1110 792 quae
1137 709 1284 782 sideros

134 827 231 893 uelud
253 830 362 910 partes
386 822 554 887 habendae
577 826 650 886 sunt
679 821 847 905 potiorum.
882 821 963 885 haec
985 820 1081 902 igitur
1104 819 1244 902 quinque

135 942 166 1002 et
198 934 327 1018 triginta
361 932 454 1016 signa
487 931 597 995 circuli
624 930 840 995 interiacentis
868 930 988 993 ambitu
1015 929 1244 1017 discernuntur,

134 1067 208 1110 narn
231 1045 294 1109 alia
317 1046 391 1107 sunt
407 1040 580 1122 aquilonia,
601 1040 671 1104 'alia
693 1042 842 1105 austrina.
866 1040 998 1125 regione
1021 1059 1099 1104 uero
1123 1035 1245 1102 zodiaci

137 1173 219 1237 quae
240 1151 473 1236 septentriones
495 1169 608 1217 uersus
631 1150 760 1233 depicta
782 1155 864 1228 sunt,
888 1149 1054 1231 aquilonia
1076 1147 1246 1231 perhiben-
1271 1171 1283 1207 ⁵

138 1270 198 1341 tur,
220 1261 354 1327 interius
377 1267 484 1324 autem
506 1266 712 1325 numerantur
726 1260 880 1324 austrina.
905 1259 1067 1342 aquilonis
1081 1258 1178 1340 igitur
1194 1260 1245 1319 ha-

136 1375 211 1437 bent
233 1377 356 1455 partem
379 1375 514 1451 utraque
542 1370 729 1453 septentrio,
758 1370 868 1448 draco,
899 1370 954 1451 qui
975 1370 1059 1433 inter
1081 1372 1247 1446 utramque

137 1482 298 1547 flexuosus
310 1478 462 1556 illabitur,
470 1483 623 1555 arcturus,
638 1499 732 1560 quem
744 1480 799 1544 alii
811 1481 928 1544 booten
941 1478 1114 1562 appellant,
1129 1495 1248 1540 corona

83 1608 88 1615 ‘
137 1591 296 1656 Ariadnes
312 1590 481 1670 nixusque,
499 1608 594 1670 quem
610 1588 665 1651 alii
682 1590 861 1670 engonasin
877 1589 993 1672 dicunt,
1017 1588 1096 1672 lyra,
1114 1604 1247 1671 cygnus,

139 1700 296 1784 Cepheus,
313 1698 489 1781 Cassiepia,
505 1697 653 1778 Perseus,
676 1698 828 1776 deltoton,
853 1700 1014 1776 eniochus,
1030 1695 1246 1776 Andromeda,
1262 1721 1287 1760 ιο

138 1813 292 1895 Pegasus,
317 1806 504 1890 ophiuchus,
529 1806 708 1890 delphinus,
733 1809 850 1890 aquila,
875 1809 1002 1890 sagitta.
1026 1807 1168 1872 austrina
1190 1825 1248 1870 au-

140 1926 204 1984 tem
227 1918 307 1981 haec
330 1922 418 1981 sunt:
447 1914 578 1999 hydrus,
602 1923 715 1997 crater,
739 1939 864 2002 coruus,
889 1939 1040 2002 procyon,
1065 1917 1172 2001 Orion,
1197 1936 1249 1981 ea-
1305 1952 1309 1959 ·

141 2028 261 2107 meula,
284 2026 391 2109 lepus,
415 2024 585 2104 Eridanus,
611 2027 667 2108 qui
688 2028 729 2091 ab
753 2027 880 2092 Orionis
902 2027 984 2111 pede*
1007 2026 1126 2105 defluit,
1150 2033 1247 2109 cetus,

141 2137 328 2215 Centaurus,
352 2135 444 2199 nauis
459 2136 557 2216 Argo,
579 2136 677 2219 piscis
693 2137 863 2215 austrinus,
887 2138 1056 2215 caelulum,
1079 2157 1137 2200 ara
1151 2135 1186 2199 id
1201 2140 1250 2200 est

140 2247 322 2311 sacrarium.
362 2265 434 2308 nam
459 2249 491 2308 et
512 2265 644 2329 aquam,
669 2268 751 2330 quae
774 2267 814 2312 ex
837 2252 959 2311 cratere
982 2247 1108 2329 aquarii
1130 2246 1248 2329 defluit,
1266 2273 1287 2310 a

140 2356 252 2420 melius
274 2360 397 2438 partem
422 2354 506 2434 signi
529 2356 687 2420 credimus
710 2361 741 2420 et
764 2356 899 2433 stellam,
923 2376 1017 2435 quam
1042 2355 1173 2438 quidam
1190 2357 1250 2419 Ca·
1324 2396 1330 2405 ·

139 2486 260 2550 nopon,
294 2464 422 2546 quidam
444 2463 633 2527 Ptolomeon
656 2466 834 2546 appellant,
858 2483 941 2545 quae
965 2464 1180 2547 superioribus
1202 2466 1250 2528 in-

141 2576 314 2657 conspicua
330 2575 363 2636 in
379 2571 514 2637 confinio
530 2572 745 2636 Alexandriae
760 2572 870 2654 incipit
885 2593 1049 2657 apparere,
1073 2580 1107 2637 ut
1127 2581 1249 2658 partem

141 2683 274 2747 Eridani
296 2682 435 2747 fluminis
457 2679 642 2745 aestimabo.
666 2683 745 2746 haec
767 2680 920 2745 discernit
938 2682 1088 2747 zodiacus
1105 2683 1249 2766 circulus,

142 2792 197 2873 qui
220 2790 346 2874 quidem
369 2790 523 2872 aequales
546 2790 714 2883 duodecim
739 2792 901 2872 signorum
921 2792 1062 2874 integrat
1075 2794 1249 2877 portiones,
1264 2819 1289 2856 ao

142 2899 201 2964 sed
222 2899 369 2965 undecim
391 2900 489 2963 habet
510 2899 613 2981 signa.
636 2901 781 2985 scorpius
804 2902 887 2966 enim
911 2907 974 2965 tam
998 2923 1088 2966 suum
1112 2904 1250 2988 spatium

142 3029 274 3092 corpore
297 3028 392 3091 quam
408 3007 507 3072 chelis
523 3016 659 3092 occupat
673 3010 784 3093 librae,
807 3011 897 3074 cuius
919 3012 1115 3093 superiorem
1131 3018 1251 3095 partem

142 3118 242 3201 pedes
270 3118 405 3199 uirginis
432 3125 640 3201 occuparunt,
674 3120 828 3183 maiorem
858 3139 935 3184 uero
964 3128 1089 3204 partem
1119 3120 1250 3203 scorpii;

143 3227 284 3310 denique
307 3227 426 3312 chelas,
450 3248 546 3310 quam
569 3227 684 3293 libram
708 3230 856 3312 dictiaco,
880 3231 1009 3313 quidam
1032 3230 1143 3295 dixere
1164 3229 1250 3294 Grai.

142 3335 254 3401 horum
284 3357 362 3419 ergo
390 3338 555 3419 signorum
578 3338 748 3404 duodecim
771 3339 914 3418 nomina,
944 3341 1028 3423 quod
1056 3340 1155 3424 uulgo
1176 3347 1289 3405 nota-a

143 3454 224 3526 sunt,
247 3447 472 3531 praetermitto.

176 3627 195 3681 4
213 3643 230 3678 a
247 3627 361 3695 regione
382 3626 485 3695 quippe
506 3623 615 3697 zodiaci
635 3628 791 3678 Morituros
810 3630 838 3694 (a
851 3646 901 3680 om.
915 3630 989 3679 B¹1t¹
1003 3632 1102 3683 ‹tolouit
1123 3644 1217 3681 ruratio
1235 3627 1250 3678 b
1268 3625 1290 3673 S

143 3735 179 3798 cf.
194 3735 326 3785 Murtiuu.
341 3733 382 3781 ed.
396 3731 590 3795 Eyssenhardt.
604 3748 630 3793 p.
642 3733 704 3791 809>
726 3730 738 3796 ΙΙ
759 3731 776 3784 5
795 3730 888 3784 defixa
906 3735 1100 3798 Eyssenhardt.
1121 3731 1137 3803 Η
1156 3733 1172 3787 'l
1190 3701 1252 3802 dtq;

145 3818 320 3888 septentrion
341 3822 360 3867 8
381 3816 394 3886 Ι1
416 3819 433 3871 8
450 3815 555 3868 boeten
573 3819 594 3866 8
615 3813 628 3883 ΙΙ
649 3814 779 3869 adrianos
799 3821 819 3868 S
843 3816 858 3888 Η
885 3820 920 3872 12
937 3819 1061 3888 prohicn
1080 3823 1101 3871 S
1120 3820 1133 3890 ll
1153 3822 1189 3876 14
1207 3837 1252 3874 ce-

145 3904 279 3959 lulnmara
298 3904 322 3973 l·
341 3920 368 3956 m
386 3907 415 3955 iu
434 3903 471 3955 mi
490 3911 585 3953 matut.
605 3901 614 3951 i
633 3904 659 3952 tu
678 3920 735 3955 ros.
753 3908 774 3955 S
800 3902 821 3973 ll
838 3905 871 3957 17
890 3904 1051 3973 ptolomecn
1070 3911 1090 3957 8
1109 3910 1154 3973 (=
1175 3912 1253 3960 Μην·

145 3997 214 4045 tiuui
234 3997 308 4045 codd.
329 3995 381 4043 BR
401 4010 443 4058 up.
463 3989 670 4055 Eyssenhardt.)
695 3989 880 4044 Ptolemaeum
899 3993 1093 4057 Eyssorrburdt.
1114 4004 1142 4045 ct
1163 3998 1198 4060 cf.
1219 3999 1252 4045 Κ.

144 4083 214 4131 Keil.
234 4097 294 4134 storo.
314 4096 379 4132 muts.
399 4079 473 4129 Rhea
503 4079 664 4127 musco
692 4078 852 4130 Fleckeisen.
877 4097 936 4132 troo.
957 4084 1048 4131 urrrrul.
1069 4080 1134 4145 plu.
1152 4084 1254 4148 susal

145 4183 171 4229 p.
183 4172 265 4232 asqq.
281 4185 305 4216 a.
320 4172 387 4215 1866
401 4162 414 4231 ll
434 4165 468 4218 18
480 4162 598 4215 confinie
611 4166 632 4213 S
647 4159 660 4232 ll
675 4163 708 4216 19
722 4164 859 4217 estimabo
880 4164 1020 4249 extimabo
1039 4169 1060 4215 8
1080 4165 1094 4235 ll
1113 4168 1148 4220 23
1166 4166 1253 4231 uirgis

147 4266 317 4336 occupaFtS
348 4266 361 4335 ΙΙ
388 4266 424 4320 24
441 4264 559 4318 dicimus
580 4268 672 4316 addidi
692 4284 726 4317 eru
746 4271 886 4321 Martiano
916 4268 930 4338 Η
960 4268 1038 4322 Graii
1059 4273 1214 4320 Martianus
1236 4265 1252 4338 Η

146 4353 182 4408 26
200 4355 268 4406 note
286 4370 355 4406 corr.
376 4369 411 4404 ec
429 4356 496 4406 nata
513 4357 533 4405 8
552 4350 567 4422 ΙΙ
