3254 5202
616 523 851 590 »161-

177 697 316 763 Naxiam
344 693 522 775 regionem,
559 692 612 758 ubi
640 693 776 757 nutritus
805 691 913 785 fucrit,
949 692 1067 776 petisse
1095 696 1126 758 e't
1153 693 1329 776 regnumS

178 807 353 891 accepisse.
388 823 537 885 egressus
566 816 644 868 nero
676 803 716 868 de
744 805 837 868 Naro
868 782 941 866 cum
969 802 1125 868 aduersus
1154 805 1288 871 Titanas

176 916 429 1000 proficisceretur
452 919 483 977 et
506 913 696 978 sacrificium
719 912 848 989 faceret,
871 912 1012 994 aquilam
1035 913 1065 978 ei
1086 913 1120 977 in
1143 914 1287 999 auspicio

177 1025 367 1109 apparuisse
391 1029 423 1088 et
445 1023 581 1089 fulmina
602 1022 812 1087 ministrasse.
837 1004 932 1104 quam
954 1024 1038 1088 bono
1056 1025 1161 1089 animo
1178 1046 1288 1110 accep-

176 1139 242 1198 tam
264 1134 384 1198 tutelae
407 1155 485 1199 suac
507 1134 694 1199 subiecisse.
729 1132 829 1197 habet
858 1139 962 1196 autem
994 1133 1106 1198 stellas
1128 1136 1161 1198 in
1184 1135 1288 1219 capite
1315 1152 1326 1189 ⁵

178 1244 299 1309 claram
322 1266 350 1320 1,
379 1245 412 1307 in
440 1243 579 1309 humeris
603 1242 738 1324 singulis
761 1242 887 1306 alarum
910 1243 1067 1326 singulas,
1095 1244 1129 1307 in
1157 1251 1288 1327 pectore

75 1352 78 1357 ’
178 1353 346 1417 obscuram
369 1376 390 1416 1.
426 1359 500 1417 sunt
527 1372 638 1418 omnes
660 1376 717 1416 1111.
754 1351 872 1433 sagitta
904 1358 1023 1431 autem,
1055 1374 1151 1435 quam
1180 1354 1289 1436 aquila

176 1466 265 1526 tenet
285 1463 319 1525 in
341 1461 491 1546 pedibus,
523 1462 638 1526 dieitur
661 1463 779 1543 sagitta
801 1461 961 1544 Apollinis
979 1461 1098 1546 fuisse,
1130 1483 1200 1527 cum
1224 1483 1288 1545 qua

178 1569 339 1656 Cyclopes
369 1570 528 1635 interfecit
554 1591 627 1649 eos,
665 1571 719 1651 qui
747 1570 836 1635 Iouis
863 1569 986 1635 fulmen
1014 1571 1171 1651 fecerunt,
1202 1573 1288 1654 quod

178 1699 216 1744 eo
232 1681 295 1745 telo
311 1680 530 1764 Aesculapius,
547 1679 724 1765 filiuseius,
749 1700 768 1742 a
782 1680 859 1743 Ioue
876 1686 960 1744 esset
973 1680 1166 1746 interfectus.
1192 1704 1287 1763 quam
1303 1707 1326 1745 ιο

179 1790 329 1871 sagittam
358 1790 453 1854 astris
487 1789 610 1853 illatam
637 1787 825 1853 memoriam
852 1788 977 1854 uirtutis
1004 1809 1081 1856 suae
1107 1792 1286 1874 reliquisse.

177 1897 277 1964 habet
298 1907 405 1966 autom
428 1900 538 1964 stellas
561 1922 619 1977 1111,
643 1900 676 1962 in
699 1918 821 1964 summo
845 1923 865 1983 r,
889 1901 922 1963 in
945 1900 1051 1966 medio
1073 1882 1094 1985 1,
1117 1902 1150 1966 in
1172 1903 1288 1987 pennis

180 2008 320 2091 sagittae
343 2009 434 2075 duas.
820 2024 822 2029 ’
858 2026 861 2030 ’
1275 2008 1279 2013 ’

265 2117 381 2184 Sidera
404 2136 486 2203 quae
509 2117 632 2206 mundi]

263 2229 441 2313 Neptunus,
465 2237 500 2294 ut
521 2228 744 2294 Artemidorus
766 2228 873 2308 refert,
897 2229 1110 2312 Amphitriten
1132 2232 1233 2296 uoluit
1255 2232 1289 2294 in
1303 2259 1326 2297 rs

179 2337 362 2419 coniugium
378 2339 533 2424 accipere.
558 2358 642 2422 quae
665 2359 736 2402 oum
752 2340 792 2402 ob
807 2338 1022 2403 uerecundiae
1038 2339 1288 2420 magnitudinem

177 2452 209 2510 et
230 2447 424 2528 uirginitatis
440 2447 679 2512 obseruantiam
702 2445 746 2509 ad
761 2446 959 2512 Atlantidem
975 2447 1180 2532 confugisset,
1203 2448 1288 2531 Nep-

176 2640 409 2706 Eratosthenes
431 2648 539 2707 autem
554 2644 664 2706 Iouem
679 2642 713 2705 in
728 2642 870 2722 aquilam
885 2642 1142 2724 transfiguratum
1159 2643 1328 2717 Naxum&

177 2750 356 2835 regionem,
386 2752 440 2815 ubi
463 2751 598 2817 nutritus
621 2750 730 2829 fuerit,
762 2752 882 2833 petisse
903 2750 1001 2815 refert
1023 2757 1054 2816 et
1076 2772 1210 2834 regnum
1233 2752 1289 2816 ad·

179 2859 366 2941 sumpsisse.
395 2880 560 2941 egressum
583 2883 659 2926 uero
684 2861 723 2926 de
746 2861 839 2924 Naxo
863 2860 950 2943 apud
968 2846 1104 2926 'Pitanas
1126 2882 1327 2945 pugnassent

179 2972 211 3032 et
232 2968 305 3034 idco
329 2969 470 3051 aquilam
494 2970 576 3034 inter
599 2977 687 3035 astra
710 2970 905 3035 conlocasse.
940 2972 1037 3037 habet
1060 2971 1203 3036 stellas*
1217 2970 1268 3011 aa

263 3079 447 3162 Neptunum
470 3079 558 3143 aiunt
581 3079 713 3146 fabulae
728 3086 894 3164 poetarum
910 3081 1134 3164 Amphitritem
1149 3081 1290 3145 uoluisse

178 3187 211 3250 in
233 3188 416 3270 coniugium
439 3189 594 3272 accipere.
619 3210 787 3273 quaecum
806 3190 847 3254 ob
871 3190 1086 3256 uerecundiae
1099 3189 1291 3272 magnitudi-

179 3316 251 3361 nem
264 3304 295 3361 et
305 3298 500 3379 uirginitatis
515 3301 750 3365 obseruantiam
763 3301 805 3364 ad
812 3300 975 3365 Atlantem
988 3301 1191 3386 confugisset,
1204 3301 1291 3387 Nep·

212 3495 358 3564 Atytcnas
377 3499 399 3547 V
417 3492 432 3563 Η
450 3496 468 3549 3
487 3495 683 3564 profisceretur
701 3502 722 3550 S
743 3497 756 3567 Η
778 3496 974 3550 sacrifitinms
994 3496 1006 3564 Η
1026 3498 1044 3550 4
1062 3497 1215 3553 ministram
1234 3500 1254 3547 s
1274 3495 1287 3565 Η
1308 3508 1328 3555 s

178 3584 195 3636 8
213 3581 375 3655 Apollipnis
394 3586 415 3632 S
436 3579 449 3650 Η
470 3584 486 3636 9
506 3583 631 3652 ciclopes
653 3594 671 3635 s
691 3584 705 3653 Η
726 3601 759 3638 eo
780 3583 854 3652 quod
879 3589 901 3634 V
920 3581 932 3652 Η
955 3582 1068 3634 fulmina
1087 3580 1212 3635 facerent
1235 3587 1257 3633 V
1277 3580 1290 3650 Η

179 3671 214 3724 10
232 3669 392 3739 esculapius
411 3673 431 3720 S
452 3665 465 3738 Η
488 3670 652 3739 exculapius
669 3676 691 3722 V
711 3669 723 3739 Η
746 3671 778 3722 11
799 3670 827 3721 in
845 3668 1007 3721 memoriam
1026 3673 1047 3718 V
1066 3666 1079 3737 Η
1099 3668 1214 3736 reliquit
1236 3674 1258 3720 V
1278 3667 1290 3739 Η

179 3761 271 3809 autem
291 3774 340 3808 orn.
359 3762 381 3807 V
400 3754 413 3825 Η
435 3744 479 3810 14·
491 3761 578 3809 (fertur.
592 3763 734 3809 arc-327
752 3761 772 3807 S
794 3755 807 3825 Η
829 3757 863 3810 15
881 3755 1075 3824 Amphiotiien
1094 3773 1161 3809 corr.
1176 3773 1211 3806 erc
1222 3755 1291 3807 Am-

178 3844 303 3913 phiticen
323 3847 342 3894 S
364 3842 376 3913 Η
396 3842 587 3912 Amphiticem
605 3849 627 3896 V
647 3844 659 3914 Η
680 3844 804 3897 uoluisse
824 3847 844 3895 S
865 3841 878 3912 Η
900 3843 933 3895 17
953 3842 1104 3895 athlantem
1123 3845 1171 3894 SV
1191 3842 1205 3913 Η
1225 3859 1290 3897 eon-

180 3931 287 4000 fugisse
306 3935 326 3984 S
347 3929 361 4002 Η

216 4072 250 4125 18
268 4072 338 4125 lllrat
356 4071 488 4124 osthenes
510 4072 587 4125 gage
609 4072 622 4143 Η
643 4073 737 4142 aquila
751 4073 816 4124 (ida
836 4069 849 4141 Η
870 4070 981 4123 naxium
1003 4072 1040 4122 Ga
1062 4067 1074 4140 Η
1094 4071 1205 4135 naxium
1221 4068 1256 4121 Gl
1277 4068 1330 4139 Ηθ

184 4157 217 4210 19
235 4158 326 4212 fuerat
346 4160 369 4209 G
388 4169 451 4210 ricto
471 4178 539 4210 corr.
560 4157 596 4212 qb
618 4158 630 4229 Η
651 4162 684 4213 21
700 4160 797 4213 ⁴stellis
818 4159 841 4209 G
865 4156 877 4227 Η
897 4138 1053 4224 AQVILA
1074 4160 1097 4210 G
1117 4158 1131 4227 Η
1150 4162 1292 4224 imaginem

183 4245 285 4293 eddom
305 4262 393 4296 oannes
420 4244 433 4314 Η
461 4246 496 4298 22
515 4245 617 4297 aiutG
642 4245 655 4315 Η
682 4247 864 4317 amphitrione
886 4246 909 4295 G
930 4246 942 4312 Η
970 4245 1160 4315 amphitrieem
1182 4242 1258 4295 GVGl
1280 4243 1293 4312 Η
1367 4246 1373 4265 ⁸

182 4328 336 4383 noluissem
355 4331 512 4399 coniugium
529 4334 552 4385 G
572 4330 587 4401 Η
607 4332 642 4385 24
655 4335 778 4387 athlante
792 4338 816 4388 d
835 4332 849 4403 Η
870 4330 1031 4398 confugisse
1043 4329 1147 4383 GGVGl
1158 4333 1265 4381 correcti
1280 4327 1294 4399 Η

1041 4434 1074 4485 11
