3252 5204
598 587 833 630 ...xxv-

166 740 285 827 passim
306 736 460 804 lectiones
478 756 549 803 cum
570 741 658 803 textu
678 736 895 822 discrepantes
916 761 1014 806 manu
1037 741 1199 827 scriptoris
1220 741 1263 808 ad

167 857 341 942 marginem
362 861 492 923 notatae
513 857 596 921 sunt.
630 853 673 919 ab
694 854 823 920 Hertzio
846 856 1009 942 inspectus
1031 864 1088 928 est.

251 977 310 1042 His
332 973 495 1041 codicibus
517 973 728 1056 subiungatur
750 974 847 1040 editio
873 978 1022 1064 princeps
1046 978 1084 1046 cf.
1105 978 1210 1043 Hertz.
1231 978 1264 1044 in
1287 1002 1303 1043 e

167 1103 226 1164 act.
253 1098 381 1159 menstr.
409 1088 550 1158 academ.
581 1092 718 1158 Berolin.
747 1114 776 1159 a.
803 1100 1004 1180 1847p.1c.
1042 1097 1191 1164 uolumen
1217 1102 1266 1163 est

168 1215 271 1280 forma
293 1211 439 1291 maxima,
462 1209 611 1278 foliorum
629 1216 698 1281 169.
721 1212 754 1277 in
776 1210 852 1278 folio
870 1218 885 1281 1
903 1215 977 1281 adu.
999 1217 1078 1284 haec
1098 1215 1245 1301 leguntur

203 1332 353 1399 MAEOI
368 1331 544 1397 MANLII
559 1331 743 1397 POETAE
760 1332 1027 1402 CLARISSIMI
1040 1336 1264 1423 Astracmc-

203 1452 350 1519 MIOON
371 1450 435 1514 AD
464 1449 713 1517 CAESAREM
728 1452 916 1539 AVaVsn
925 1454 993 1519 VM
1007 1456 1151 1521 LIBER
1172 1456 1264 1521 PRI-

202 1570 303 1637 MVs.
1203 1607 1206 1613 >

167 1690 244 1757 lolia
265 1686 431 1773 sequentia
451 1685 612 1774 continent
630 1706 732 1769 usque
753 1686 798 1754 ad
819 1687 876 1753 fol.
893 1693 934 1758 62
949 1708 1000 1754 au.
1023 1689 1145 1756 Manilii
1164 1693 1264 1755 astro-

167 1808 301 1875 nomica.
334 1805 388 1871 fol.
404 1811 445 1875 63
471 1810 544 1888 post
565 1806 695 1871 breuem
718 1806 894 1890 epilogum,
917 1808 970 1890 qui
998 1807 1109 1893 incipit
1134 1810 1265 1873 Maroae

131 1970 149 2007 ι
168 1929 310 1993 Manlios
331 1925 573 1990 Mathematicus.
593 1926 682 1990 cuius
705 1939 790 1991 catat
811 1927 866 1992 boc
892 1951 970 2013 opas
993 1928 1264 2017 elepaatc'mimam,

167 2044 301 2130 praebet
319 2046 507 2127 argumenta
528 2042 726 2125 singulorum
747 2042 871 2109 Manilii
892 2043 1055 2110 librorum.

252 2160 305 2227 fol.
322 2167 363 2232 64
379 2161 453 2227 adu.
480 2161 577 2227 habet
602 2160 687 2227 hanc
712 2162 949 2249 inscriptionem
976 2151 1123 2231 Alicttcr
1143 2190 1266 2252 perma-

167 2286 235 2351 πίστ’
246 2278 298 2348 vcd
317 2264 483 2370 naupactum
510 2284 542 2346 ct
563 2280 702 2348 continet
728 2282 915 2350 laterculum
936 2283 1119 2370 imaginum.
1153 2283 1208 2348 fol.
1224 2290 1265 2354 65

167 2402 242 2468 adu.
262 2399 441 2467 inscribitur

268 2518 485 2586 AEATHVS
503 2519 768 2587 GERMANIGI
784 2522 850 2586 AD
872 2519 966 2586 AVa
974 2520 1132 2586 VSTVM.

167 2643 317 2706 secuntur
337 2639 454 2703 Aratea
480 2626 673 2719 imaginibus
699 2643 856 2706 exornata
884 2655 986 2718 usque
1013 2636 1055 2701 ad
1082 2636 1138 2702 fol.
1153 2642 1194 2707 88
1214 2657 1265 2701 an.

167 2757 255 2842 quod
274 2756 319 2821 ita
340 2754 403 2819 exit

629 2874 806 2943 afflarat
1280 2923 1283 2928 -
1350 2958 1355 2973 Ι

169 2991 406 3061 acroama
423 2992 694 3060 [manassem
708 2974 801 3059 nna
821 2995 892 3060 mn
916 2993 1117 3079 uacuam
1129 2993 1265 3059 arou.

52 3176 56 3183 .
168 3115 220 3179 a]
226 3114 292 3180 VM
306 3113 370 3177 ET
386 3112 536 3178 DONIN
539 3112 607 3176 VM
622 3113 837 3183 BEETOOH
842 3114 909 3179 VM
919 3112 924 3200 l
940 3113 1066 3178 ANNO
1087 3111 1265 3178 DOMINI.

168 3238 218 3301 Μ.
227 3232 530 3329 ccccnfflma
562 3232 651 3296 DIE
682 3232 914 3319 alamanus
940 3233 1113 3298 MAETII
1122 3255 1132 3297 .·
1146 3232 1209 3297 LA
1218 3231 1266 3299 Vs

167 3355 257 3422 DEO
278 3352 451 3435 naama
461 3375 473 3433 5

167 3493 189 3539 a
209 3472 285 3538 folio
301 3477 342 3541 89
364 3487 466 3551 usque
488 3467 530 3533 ad
551 3469 646 3534 finem
667 3470 815 3555 leguntur
837 3468 958 3535 Valerii
976 3468 1085 3535 Flacci
1099 3470 1265 3552 Argonau-

167 3592 238 3671 tica,
261 3587 376 3671 quibus
391 3585 516 3653 adiecta
531 3592 580 3652 est
594 3588 706 3654 eadem
721 3588 922 3673 subscriptio,
945 3586 1007 3652 nisi
1023 3585 1108 3670 quod
1123 3585 1175 3653 hic
1193 3595 1266 3672 post

167 3709 382 3777 BEETOCH
385 3709 452 3772 VM
472 3706 589 3790 legitur
615 3706 873 3774 REGIENSES
896 3711 930 3773 et
956 3706 1158 3775 SEPTIMA
1183 3708 1264 3773 MA·-

167 3829 241 3894 DII
259 3847 317 3910 pro
346 3825 563 3894 Vlcaslmn
586 3826 762 3891 MAETII.
795 3823 923 3891 conlata
944 3830 992 3892 est
1013 3825 1055 3890 ab
1078 3824 1216 3890 Hertuio.

240 3945 339 4012 Tertii
355 3944 472 4011 ordinis
488 3943 633 4010 codicum
649 3944 785 4029 primum
801 3943 922 4010 obtinet
935 3942 1042 4010 locum
1053 3944 1264 4024 Stronzianus,

166 4086 240 4130 nam
261 4064 299 4150 is,
322 4084 392 4130 cum
411 4084 521 4130 omnes
541 4082 582 4128 ex
602 4063 715 4130 eodem
735 4065 910 4151 archetypo
931 4062 1073 4131 familiae
1087 4062 1265 4130 Basileensi

166 4183 344 4270 propinquo
366 4183 498 4269 profecti
519 4201 590 4249 esse
611 4182 790 4263 uideantur,
812 4182 911 4249 multo
934 4183 1038 4251 minus
1060 4181 1265 4268 degenerauit
1400 4255 1402 4259 ¹

168 4324 262 4388 quam
284 4302 388 4370 ceteri.
422 4302 528 4387 qualis
549 4306 657 4368 autem
671 4322 744 4368 mea
758 4302 886 4385 quidem
902 4305 1059 4370 sententia
1078 4301 1172 4368 fuerit
1191 4322 1264 4386 pro·

166 4423 327 4513 pinquitas
349 4422 492 4491 codicum
514 4420 663 4509 omnium,
686 4423 817 4490 schema
839 4421 1015 4490 subiectum
1036 4420 1193 4488 ostendat.
