3254 5202
783 505 1018 571 -rto-

305 678 471 760 Ssignum
497 678 578 743 inter
599 678 769 743 hiemalem
796 675 952 760 tropicum
982 683 1012 740 et
1039 675 1180 741 arcticon
1202 675 1452 753 subterraneum,

345 789 399 869 qui
421 787 571 853 australis
594 792 738 852 uocatur.

429 896 482 960 Sic
503 903 673 979 utrumque
696 896 807 984 oritur]

430 1002 496 1070 Sub
520 1005 655 1088 pedibus
677 1025 817 1088 namque
846 1004 1005 1071 anticanis
1035 1005 1095 1069 sub
1118 1003 1235 1069 Orione
1263 1004 1357 1088 lepus
1379 1024 1452 1069 con-

320 1114 473 1179 sstitutus
496 1120 554 1180 est.
577 1115 630 1179 hic
651 1115 766 1181 dicitur
783 1115 910 1180 Orionis
934 1127 1052 1179 canem
1068 1111 1181 1197 fugere
1197 1112 1353 1178 cenantis.
1376 1132 1453 1178 nam

344 1243 429 1306 cum,
465 1230 500 1288 ut
527 1226 716 1307 opportebat
744 1244 817 1290 eum
852 1229 1040 1289 uenatorem
1067 1222 1248 1305 finxissent,
1282 1222 1454 1288 noluerunt

345 1331 441 1396 etiam
464 1336 519 1398 doc
542 1333 725 1415 significare
748 1334 859 1415 aliqua
882 1333 922 1397 de
946 1353 1054 1398 causa.
1077 1333 1185 1414 itaque
1200 1331 1343 1413 leporem
1359 1330 1390 1395 ei
1411 1332 1453 1396 ad

343 1442 442 1526 pedes
457 1441 631 1527 fugientem
647 1444 815 1509 finxerunt.
834 1442 965 1525 quidam
986 1448 1115 1527 negant,
1138 1447 1202 1510 tam
1217 1440 1357 1504 nobilem
1372 1445 1454 1505 tam·

344 1571 405 1632 que
427 1573 578 1637 magnum
600 1560 801 1632 uenatorem,
829 1553 871 1617 de
899 1573 962 1634 quo
990 1559 1063 1617 ante
1091 1551 1126 1615 in
1152 1548 1330 1634 scorpionis
1358 1550 1453 1632 signo

307 1685 333 1724 ιο
344 1659 483 1726 diximus
506 1668 537 1727 et
551 1669 665 1746 postea
680 1663 713 1727 in
729 1662 830 1748 ipsius
853 1662 957 1743 figura
973 1661 1124 1740 dicemus,
1149 1664 1294 1743 oportere
1310 1657 1452 1742 leporem

342 1771 463 1834 uenari.
509 1772 724 1838 Callimachus
753 1790 880 1855 quoqne
904 1776 1087 1853 accusatur,
1119 1768 1205 1852 quod
1232 1787 1303 1833 eum
1324 1768 1452 1836 Dianae

343 1879 495 1944 scriberet
517 1881 643 1966 laudes,
676 1880 788 1969 [dicit]
813 1902 885 1946 eum
907 1880 1053 1964 leporino
1077 1878 1233 1960 sanguine
1256 1878 1399 1959 gaudere
1421 1887 1453 1945 et

299 1987 303 1990 ’
343 2008 399 2053 eos
422 1989 534 2053 uenari
556 1989 680 2055 dixerit.
704 1990 847 2056 nonnulli
870 2011 890 2055 a
912 1989 1073 2055 Mercurio
1101 1988 1183 2052 inter
1205 1992 1294 2051 astra
1318 1987 1449 2053 colloco·

343 2104 411 2162 tum
440 2097 549 2166 dicunt
581 2106 711 2184 propter
738 2100 869 2165 nimiam
899 2099 1113 2182 uelocitatem,
1148 2096 1219 2162 sine
1251 2096 1338 2179 quod
1370 2098 1453 2164 inter

307 2236 331 2274 1⁵
345 2208 570 2292 quadrupedes
603 2210 692 2275 solus
718 2210 790 2293 plus
819 2210 928 2293 pariat
954 2215 985 2274 et
1013 2207 1170 2290 quosdam
1201 2206 1305 2271 foetus
1338 2205 1451 2290 pariat,

344 2320 502 2402 quosdam
530 2340 606 2385 uero
634 2319 668 2384 in
697 2326 807 2385 uentre
836 2318 1003 2410 [habeat],
1032 2321 1114 2387 siout
1134 2316 1324 2382 Aristoteles
1351 2314 1449 2398 philo.

305 2563 334 2628 θ
428 2559 495 2624 Sub
521 2559 658 2643 pedibus
684 2580 825 2643 namque
849 2559 977 2626 Orionis
1003 2564 1076 2643 post
1096 2564 1220 2644 tergum
1243 2557 1331 2638 sirii,
1360 2559 1452 2644 lepus

343 2675 391 2735 est
413 2669 613 2751 constitutus,
637 2690 730 2752 quem
755 2669 892 2752 gentiles
915 2669 1108 2735 aMercnrio
1130 2670 1213 2734 inter
1235 2677 1324 2735 astra
1346 2671 1453 2737 conlo-

343 2786 448 2844 catum
470 2778 591 2860 ferunt,
622 2784 752 2866 propter
779 2778 910 2843 nimiam
940 2779 1146 2844 uelocitatem
1170 2780 1239 2846 siue
1263 2780 1349 2862 quod
1369 2779 1454 2845 inter

306 2921 333 2960 co
345 2890 574 2974 quadrupedes
602 2890 689 2955 solus
719 2890 792 2973 plus
818 2890 924 2974 pariat
954 2894 985 2953 et
1015 2889 1174 2971 quosdam
1201 2890 1305 2956 foetus
1334 2889 1450 2974 pariat,

344 3000 501 3083 quosdam
523 3018 600 3066 uero
624 3001 657 3064 in
679 3007 800 3084 uentre,
824 2999 906 3065 sicut
920 2998 1109 3066 Aristotcles
1129 2999 1339 3086 philosophus
1351 2994 1398 3064 ait
1413 2999 1455 3062 de

304 3292 324 3340 s
381 3286 396 3338 1
415 3284 568 3354 hyemalem
585 3288 606 3336 S
627 3282 641 3353 Η
660 3288 805 3354 tropycum
824 3302 893 3336 corr.
908 3301 942 3336 eor
960 3285 1123 3355 trophycum
1141 3289 1162 3338 s
1183 3283 1197 3355 Η
1215 3284 1356 3339 orticons
1376 3286 1390 3359 Η
1410 3304 1453 3342 cr·

342 3372 428 3425 ticum
452 3375 473 3422 V
493 3367 506 3439 Η
527 3370 728 3425 subterranede
749 3369 794 3440 qd’
814 3375 835 3423 S
855 3368 868 3440 Η
893 3372 910 3426 3
931 3373 1017 3422 Germ.
1030 3377 1083 3422 842
1096 3389 1136 3439 oq.
1154 3375 1175 3423 S
1196 3369 1210 3442 Η
1228 3371 1247 3425 4
1264 3386 1382 3441 namque
1403 3392 1452 3426 om.

345 3464 368 3511 V
390 3455 404 3527 Η
431 3457 592 3511 anticanis
618 3455 632 3527 Η
658 3462 686 3511 et
706 3457 818 3511 Orionis
838 3462 852 3509 o
878 3456 890 3528 Η
917 3460 933 3511 6
951 3461 983 3510 ut
1001 3462 1086 3509 oras
1112 3456 1126 3527 Η
1151 3456 1224 3510 Nam
1241 3462 1273 3511 nt
1290 3463 1453 3515 uenatorem

341 3562 405 3613 eum
424 3544 562 3598 finxerunt
585 3541 638 3613 Vll
659 3546 675 3598 7
694 3543 747 3597 hoc
766 3549 867 3612 lippia.
887 3548 919 3597 Α.
932 3549 961 3595 Ρ.
980 3548 1010 3595 11
1022 3551 1058 3595 88
1083 3544 1096 3614 Η
1120 3545 1162 3597 ito
1185 3549 1206 3597 V
1230 3543 1242 3615 Η
1267 3547 1283 3601 9
1303 3547 1453 3616 scorpione

344 3638 394 3686 SV
412 3632 424 3703 Η
446 3634 481 3687 10
499 3636 631 3702 oportere
644 3650 713 3684 corr.
728 3649 762 3682 ea
776 3637 925 3701 opportere
940 3637 959 3682 S
980 3630 993 3704 Η
1014 3634 1047 3687 11
1061 3636 1177 3686 accusat
1194 3648 1256 3685 eum
1269 3637 1318 3686 SV
1337 3632 1350 3704 Η
1371 3633 1453 3687 dione

343 3718 397 3788 Sl,
418 3720 517 3788 Dyane
541 3724 563 3772 V
587 3716 600 3788 Η
627 3719 660 3773 12
678 3718 786 3789 leprino
807 3722 856 3770 sV
881 3717 893 3788 Η
921 3721 1055 3788 sanguine
1075 3719 1199 3788 grades
1220 3720 1233 3792 Η
1258 3722 1451 3775 resonares

345 3811 414 3873 qood
433 3810 553 3873 fortusse
572 3809 740 3860 resistendam
759 3814 799 3856 est
821 3803 835 3874 Η
855 3807 889 3861 15
908 3811 1035 3876 patratS
1056 3804 1070 3878 Η
1090 3807 1164 3860 fetus
1183 3814 1204 3860 V
1223 3808 1236 3878 Η
1257 3810 1291 3863 16
1310 3808 1414 3861 habeat
1427 3817 1454 3860 et

346 3893 393 3962 qui
412 3896 499 3946 detorti
519 3900 552 3962 cf.
572 3895 653 3946 sclol.
671 3897 812 3960 Sooycrm.
839 3890 851 3962 Η
875 3892 1081 3948 Aristoriloss
1108 3893 1121 3964 Η
1145 3894 1320 3949 Arestotiles
1344 3892 1398 3965 Vll
1419 3899 1455 3961 cf.

342 3984 429 4032 Ariot.
443 3981 505 4034 trist.
520 3985 601 4034 cuim.
620 3985 657 4033 Π
667 3987 703 4032 33
722 3981 835 4032 Becker.
855 3983 976 4032 τίκτουσι
995 3980 1025 4032 d’
1046 3981 1084 4051 (ot
1103 3980 1272 4049 δασύποδες)
1291 3981 1342 4034 οὐκ
1361 3978 1455 4051 ἀθρόα

343 4064 412 4119 ἀλλὰ
433 4068 623 4122 διαλείπουσιν
641 4065 744 4138 ἡμέρας
763 4063 871 4123 ὁπόσας
889 4062 924 4119 ἂν
941 4064 1060 4135 τύχωσιν
1081 4067 1094 4138 Η

305 4237 329 4285 ⁶
378 4226 411 4281 1⁷
430 4228 532 4295 postgn
552 4223 619 4293 srrii
640 4219 743 4274 &aaa
774 4221 788 4291 ll
818 4223 854 4278 20
871 4226 1014 4292 pareate
1038 4222 1052 4294 Η
1077 4185 1160 4294 palat
1179 4227 1218 4279 oa
1243 4225 1258 4298 Η
1285 4225 1359 4297 parc
1378 4224 1415 4280 er
1439 4224 1455 4296 Η

343 4312 418 4368 letus
439 4310 516 4366 (ΜΗ
537 4310 551 4383 Η
571 4312 606 4367 21
625 4307 773 4364 aristotilis
794 4309 898 4364 aaran
919 4309 934 4385 Η
