3252 5204
674 532 884 626 -srf-

345 702 403 770 τὸν
426 693 581 768 οὐδέποτ’
606 691 723 785 ἅνδρες
746 694 852 782 ἐῶμεν
874 693 1026 789 ἄρρητον.

219 832 358 894 namque
387 812 538 894 quoniam
566 810 644 875 nihil
671 808 761 874 aliud
791 815 925 877 estnon
949 832 1044 893 quarn
1067 830 1327 896 pertusensem,

129 940 134 957 r
219 922 346 986 uidetur
379 920 606 986 conuenienter
638 920 761 985 dixisse
794 920 1077 1002 auctoritatemque
1108 919 1156 985 rei
1189 926 1331 1003 praestat

215 1025 343 1114 ‘plenas
369 1031 447 1095 Ioue
475 1025 562 1095 uias’
585 1028 727 1096 referens
751 1034 782 1094 et
804 1024 923 1096 ‘omnis
945 1029 1108 1094 hominum
1131 1025 1327 1094 conuentus?

220 1139 300 1204 nihil
322 1159 432 1205 eorum
455 1159 537 1221 quae
559 1140 700 1205 interra
722 1138 786 1203 sint
808 1140 877 1205 sine
900 1159 975 1206 aere
998 1144 1056 1205 est.
1083 1138 1212 1203 ratione
1235 1139 1329 1203 etiam
1356 1158 1368 1196 a

216 1240 343 1314 ‘omnes
357 1248 443 1315 Iouis
459 1270 551 1314 usum
567 1245 806 1315 desideramus?
842 1271 915 1314 nam
931 1249 1035 1315 ouneti
1050 1249 1202 1313 mortales
1225 1253 1330 1313 osten·

221 1357 300 1422 dunt
327 1377 420 1422 usum
451 1357 604 1441 suspirio,
634 1357 697 1424 sed⁴
721 1378 896 1443 perquem
918 1358 1055 1422 uiuimus
1077 1375 1153 1422 aere
1174 1357 1329 1439 indigent.

221 1468 270 1531 tat
297 1463 389 1548 quod,
410 1467 455 1531 ait
477 1462 605 1532 ‘dextra
633 1450 787 1532 monstra'
811 1468 853 1531 ad
875 1468 1010 1551 auguria
1031 1466 1189 1550 pertinent
1211 1468 1330 1531 auium.

221 1576 457 1659 propterquod
480 1583 512 1664 et
534 1575 631 1642 Stoici
646 1577 753 1641 Iouem
778 1595 850 1641 esse
873 1576 1051 1652 adfirmant,
1075 1575 1129 1657 qui
1152 1594 1210 1657 per
1232 1581 1327 1640 mate·

222 1686 299 1750 riam
328 1692 439 1750 manat
471 1684 610 1768 spiritus.
644 1690 677 1750 et
703 1685 815 1775 similis
842 1690 952 1750 nostra
978 1683 1093 1748 anima.
1145 1681 1329 1748 Zenodotus
1346 1704 1368 1741 ιο

220 1795 352 1860 Aetolus
380 1799 413 1860 et
438 1792 602 1859 Diodorus
630 1794 719 1859 aiunt
744 1814 804 1860 nee
830 1792 979 1860 fabuloso
1006 1793 1076 1859 Ioui
1104 1792 1231 1858 offioere
1261 1792 1329 1857 eius

148 1930 154 1940 ·
223 1902 310 1969 modi
333 1904 547 1987 oppinionenr.
582 1924 654 1969 esse
677 1903 760 1968 enim
783 1904 895 1968 sstalem
919 1924 1047 1969 oausam
1068 1905 1178 1968 Iouem
1201 1906 1233 1967 et
1255 1921 1328 1967 oon-

223 2013 332 2078 uenire
360 2033 470 2078 omnes
497 2013 567 2078 uias
594 2033 632 2078 eo
664 2012 839 2092 confertas,
868 2035 948 2096 quas
970 2021 1131 2096 tamquam
1158 2012 1229 2077 loeo
1258 2011 1327 2076 eius

219 2122 380 2186 describit.
431 2121 567 2189 dioendo
595 2129 702 2187 autem
725 2117 799 2187 tnos
827 2124 923 2188 etiarn
951 2142 1054 2205 genus
1076 2118 1158 2189 eius’
1191 2120 1329 2188 ostendit

218 2231 345 2295 animae
372 2229 638 2297 inmortalitatem.
688 2233 770 2297 bene
807 2238 971 2317 praeterea
1002 2231 1090 2316 quod
1118 2226 1251 2297 ‘lenem'
1275 2231 1328 2300 ait.
1345 2256 1367 2293 a

219 2346 353 2405 nouerat
376 2339 459 2404 enim
481 2339 590 2404 uirtuti
606 2339 730 2424 aliquid
751 2343 912 2407 aemulum
927 2330 1075 2424 futurum,
1093 2336 1216 2407 ‘deum'
1234 2342 1330 2423 igitur

221 2551 332 2604 1rau.
350 2553 402 2600 1.ae
422 2545 435 2616 Η
457 2542 664 2613 ronortne
681 2530 1284 2616 popularumsecessionum
1304 2556 1327 2604 Α

219 2651 406 2706 roseros
428 2628 961 2712 uotranaesrseros‘seerton
983 2651 1004 2697 r
1022 2642 1037 2717 Η
1056 2651 1089 2715 q.
1104 2652 1182 2700 Arar.
1196 2649 1329 2703 ermis.

219 2765 244 2812 p.
257 2753 301 2809 49,
318 2752 350 2796 14
370 2741 383 2813 Η
403 2744 420 2797 2
439 2759 495 2797 nox
514 2750 568 2812 quo
590 2747 609 2796 Δ
634 2738 648 2816 Η
671 2747 688 2800 3
706 2746 766 2799 ueri
785 2764 796 2798 ε
817 2743 830 2815 Η
850 2747 958 2814 prestat
977 2745 1024 2793 ΑΡ
1047 2739 1061 2811 Η
1083 2741 1102 2795 4
1119 2745 1154 2808 cs.
1175 2745 1253 2795 Arrrt.
1272 2747 1328 2795 m

218 2834 316 2901 μεσταὶ
336 2830 366 2883 δὲ
381 2828 448 2888 Διὸς
467 2832 555 2882 πᾶσαι
573 2832 628 2901 μὲν
647 2829 752 2900 ἀγυιαί,
772 2835 860 2883 πᾶσαι
880 2829 903 2883 ‹l'
924 2826 1083 2897 ἀνθρώπων
1101 2826 1205 2897 ἀγοραί
1223 2825 1236 2896 Η
1255 2829 1327 2883 bra-

218 2936 289 2990 tioni
308 2938 355 2986 AP
373 2931 387 3003 Η
408 2935 425 2988 6
444 2950 539 2987 omnes
560 2935 639 2988 ouius
658 2951 739 2988 usum
757 2940 780 2988 Δ
801 2934 813 3006 Η
834 2913 913 2989 iuius
932 2933 1028 2990 omnes
1046 2931 1124 2987 risum
1150 2937 1171 2985 P
1196 2930 1208 3002 Η
1239 2932 1327 2986 omnis
1415 2952 1417 2955 ·

220 3041 231 3076 ε
253 3022 266 3094 Η
286 3022 362 3075 Iouis
382 3024 486 3087 scripsi.
501 3025 535 3088 of.
552 3023 661 3076 Arot4
680 3019 767 3093 πάντῃ
782 3024 812 3075 δὲ
827 3023 894 3080 Διὸς
907 3020 1063 3092 κεχρήμεθα
1078 3016 1176 3077 πάντες
1194 3017 1209 3089 Η
1229 3022 1330 3072 cuneta

218 3113 241 3161 Α
263 3108 275 3179 Η
297 3123 366 3162 eune
438 3107 607 3161 mortalesP
626 3106 639 3178 Η
660 3109 676 3162 'l
695 3109 795 3179 sedq:,
813 3128 832 3181 p
851 3110 1004 3162 uiuimusA
1027 3106 1040 3176 Η
1059 3106 1110 3160 sed
1128 3123 1147 3176 p
1167 3122 1238 3175 quae
1257 3106 1327 3159 uiui·

218 3212 278 3249 mus
300 3201 321 3248 Ρ
337 3192 351 3264 Η
371 3192 422 3246 sed
441 3209 492 3264 per
509 3209 590 3262 quem
603 3200 699 3262 scripsi
719 3193 733 3265 Η
753 3199 771 3251 8
790 3197 824 3250 ad
839 3200 885 3249 ΑΡ
903 3195 916 3267 Η
937 3194 1084 3248 adauriart
1108 3191 1121 3261 Η
1140 3192 1182 3246 nt
1195 3193 1269 3263 quod
1289 3193 1329 3247 ait

220 3282 326 3335 ‘dextra
339 3280 483 3335 monstrat'
501 3280 537 3334 ad
553 3282 668 3349 auguria
679 3283 802 3352 pertinet
815 3283 906 3336 auium
923 3284 1037 3334 Velinus
1055 3285 1089 3347 os.
1104 3283 1181 3336 Arar.
1195 3284 1235 3332 ert.
1247 3282 1327 3334 Bell.

219 3388 245 3436 p.
257 3376 345 3432 ⁴234
359 3367 373 3437 Η
393 3370 475 3421 serta
496 3368 639 3425 at-auium
658 3374 747 3422 oltroo
767 3374 824 3421 loeo
839 3380 914 3422 eluro
933 3372 1000 3420 uidit
1015 3372 1116 3420 Parrus
1135 3371 1162 3419 ia
1181 3370 1253 3419 notis
1266 3386 1327 3421 mss.

219 3459 246 3507 tn
268 3459 420 3508 Germanici
439 3460 506 3524 Imp.
525 3460 628 3509 Ariston
647 3466 673 3509 et
693 3461 767 3525 infra
785 3469 846 3523 post
872 3450 1246 3520 inmortalitatem'pooeado
1270 3472 1327 3507 esse

174 3593 177 3598 .
219 3545 319 3594 censuit
339 3545 373 3607 cs.
394 3545 426 3593 ds
446 3547 474 3595 P.
493 3546 599 3609 Nipirlr'r'
619 3541 1001 3611 Fipslifropm.p.10sq.oll
1028 3543 1062 3596 10
1079 3538 1247 3594 Nenodotus
1266 3546 1289 3591 P
1313 3539 1326 3610 Η

218 3628 251 3682 11
271 3626 381 3680 eotolus
399 3631 448 3678 ΑΡ
465 3626 478 3695 Η
498 3633 533 3695 es.
552 3633 584 3683 de
605 3635 633 3683 P.
646 3634 754 3698 thidt'i
770 3634 857 3696 Pipoti
876 3634 973 3696 fropm.
993 3647 1018 3694 p.
1033 3637 1064 3680 lo
1084 3624 1098 3696 Η
1118 3626 1229 3679 efficere
1250 3632 1295 3679 ΔΡ
1313 3626 1327 3699 Η

219 3713 458 3781 otiosamque,
483 3720 517 3782 ef.
536 3735 627 3784 propr.
647 3722 763 3770 Possum.
781 3722 839 3783 p]
861 3715 874 3785 Η
900 3715 980 3767 huius
999 3713 1075 3766 modi
1094 3713 1253 3784 opinionem
1272 3718 1294 3766 P
1313 3712 1326 3784 Η

219 3802 252 3855 12
270 3799 392 3853 natalem
416 3806 483 3853 copi.
502 3806 634 3856 Hortatur
658 3802 672 3874 Η
696 3802 859 3857 zenodotus
884 3806 976 3855 autem
993 3799 1114 3853 Aetolus
1139 3805 1169 3853 et
1185 3802 1327 3856 Diodorus

218 3886 296 3940 aiunt
314 3892 403 3955 neque
423 3887 525 3944 fabulis
545 3889 715 3945 contendere
734 3889 849 3944 huiusce
868 3889 944 3943 modi
962 3886 1255 3953 subministrationem,
1276 3888 1327 3941 ini·

217 3972 286 4025 tium
299 3972 371 4029 enim
385 3974 504 4028 omnium
517 3993 606 4031 rerum
618 3977 704 4030 Iouis.
718 3979 799 4028 Arno·
815 3980 913 4044 interp.
928 3981 975 4029 lot.
997 3975 1011 4046 Η
1031 3976 1065 4029 13
1083 3975 1139 4029 tan’r
1154 3980 1174 4027 P
1193 3973 1206 4044 Η
1226 3975 1261 4030 14
1273 3991 1328 4028 non

168 4124 175 4131 ι
218 4063 265 4111 ΑΡ
284 4059 297 4128 Η
317 4075 370 4113 nos
388 4064 484 4128 scripsi
504 4067 540 4129 rs.
559 4068 669 4116 Arato
687 4064 736 4116 τοῦ
753 4061 808 4131 γὰρ
826 4065 873 4115 καὶ
890 4068 971 4132 γένος
990 4064 1065 4132 εἰμέν
1085 4060 1099 4132 Η
1120 4064 1153 4118 15
1166 4062 1290 4115 animeA
1314 4059 1326 4131 Η

218 4146 252 4201 16
270 4145 357 4215 aliqui
376 4146 547 4202 demolumA
568 4148 582 4219 Η
603 4150 714 4204 sciebat
732 4151 806 4205 enim
824 4150 1013 4207 aduersarium
1031 4151 1111 4202 Arati
1130 4154 1227 4217 interp.
1243 4153 1289 4201 lat.
1311 4144 1325 4217 Η

217 4231 330 4303 aliquod
348 4233 449 4287 melum
467 4240 568 4288 Porcus
588 4233 602 4305 Η
623 4235 676 4289 deo
696 4241 717 4288 Α
740 4234 753 4307 Η
773 4238 817 4292 Do
836 4242 859 4289 P
882 4235 895 4308 Η
921 4237 1002 4293 deum
1020 4254 1032 4289 ε
1059 4232 1072 4304 Η
1098 4239 1176 4289 Arar.
1190 4232 1278 4289 ssi
1300 4232 1324 4288 δ’

215 4313 296 4385 ἤπιος
313 4316 505 4391 ἀνθρώποισιν
523 4319 598 4382 δεξιὰ
618 4326 745 4393 σημαίνει
764 4321 779 4393 Η
