3254 5202
611 506 844 572 —121-

176 672 309 757 clepius,
337 671 496 756 Apollinis
517 672 612 738 filius.
644 672 800 755 quidum
822 673 1001 740 medicinae
1030 680 1099 740 ante
1127 677 1321 751 uteretuns

177 789 318 848 mortuos
345 781 444 848 fertur
465 781 648 847 suscitasse.
680 802 778 864 quam
800 782 842 848 ob
869 802 936 847 rem
958 783 1058 849 iratus
1081 785 1115 847 in
1138 801 1212 847 eum
1233 782 1281 848 Io-

176 892 225 955 uis
253 890 382 955 domum
409 892 479 957 cius
509 910 581 956 cum
608 889 679 974 ipso
707 889 847 955 fulminis
876 891 941 956 ictu
968 891 1133 975 percussit.
1165 894 1281 972 rogatu

178 998 338 1082 Apollinis
364 1000 464 1084 patris
485 999 627 1084 Iuppiter
648 1000 740 1064 teum
762 1005 831 1065 arte
854 1019 915 1065 sua
935 1021 1046 1066 rursus
1068 1006 1141 1085 post
1163 999 1282 1063 obitum

180 1106 342 1173 defunctis
363 1108 503 1193 animam
526 1109 690 1173 restituere
712 1108 755 1174 ad
776 1109 876 1173 uitam
899 1114 931 1175 et
951 1109 1033 1175 inter
1055 1115 1144 1175 astra
1166 1107 1282 1173 consti·
1307 1128 1320 1166 s

177 1215 277 1281 tuisse
303 1222 440 1299 putatur.
470 1216 569 1284 habet
596 1224 703 1283 autem
730 1218 843 1283 stellas
868 1218 901 1282 in
929 1218 1032 1301 capite
1054 1218 1175 1284 claram
1197 1238 1223 1295 1,
1249 1214 1282 1278 in

178 1324 315 1406 singulis
341 1324 481 1391 humeris
508 1326 653 1408 singulas
680 1327 799 1410 claras,
828 1325 863 1390 in
891 1326 1019 1392 sinistra
1046 1346 1144 1390 manu
1169 1347 1221 1401 111,
1250 1323 1284 1388 in

180 1432 293 1498 dextra
316 1440 466 1519 quatuor,
489 1455 530 1500 ex
552 1435 601 1500 his
624 1435 705 1501 duas
727 1435 841 1500 claras.
871 1434 904 1498 in
926 1435 1060 1516 singulis
1081 1434 1200 1499 lumbis
1222 1433 1283 1497 sin-

180 1542 287 1626 gulas,
310 1543 344 1607 in
366 1543 501 1628 singulis
523 1543 658 1628 genibus
681 1543 840 1628 singulas,
868 1543 903 1606 in
925 1542 1037 1607 dextra
1057 1541 1139 1608 tibia
1162 1541 1283 1606 claram

178 1673 205 1731 1,
239 1651 272 1715 in
305 1651 441 1734 singulis
469 1651 606 1735 pedibus
636 1653 780 1736 singulas
807 1652 921 1717 claras.
964 1659 1038 1717 sunt
1067 1670 1178 1718 omnes
1205 1672 1323 1713 xv11.1o

179 1780 324 1845 serpens,
357 1779 452 1843 quem
477 1765 566 1827 tenet
593 1762 628 1828 in
649 1761 811 1845 manibus,
839 1761 938 1825 habet
963 1759 1074 1826 stellas
1100 1760 1134 1824 in
1162 1758 1283 1824 orificio

179 1867 261 1934 duas
285 1873 317 1934 et
337 1869 371 1934 in
386 1869 512 1934 flexura
533 1871 647 1955 capitis
669 1872 790 1954 spissas
805 1875 950 1953 quatuor,
973 1869 1007 1933 in
1029 1889 1127 1933 manu
1141 1866 1285 1951 Asclepii

178 2001 203 2041 11
224 1978 390 2056 clariores,
417 1978 453 2049 in
478 1979 581 2062 prima
603 1980 727 2046 flexura
749 1978 1048 2061 v111‚inseounda,
1080 1997 1177 2061 quam
1199 1980 1285 2042 tenet

179 2086 213 2150 in
234 2086 367 2152 dextera
388 2105 502 2166 manu,
524 2088 607 2154 alias
630 2111 703 2170 vm,
725 2088 761 2152 in
781 2087 874 2153 tertia
895 2105 998 2168 usque
1020 2087 1062 2153 ad
1084 2088 1220 2155 caudam
1241 2109 1284 2152 vn.

179 2194 258 2259 liunt
279 2214 390 2260 omnes
414 2198 571 2281 serpentis
593 2221 670 2262 xxx.
848 2229 850 2233 ·
1298 2217 1323 2256 15

178 2362 278 2427 fuisse
300 2364 483 2448 Asclepius,
513 2368 567 2449 qui
594 2366 671 2432 dum
692 2367 870 2433 medicinae
892 2372 960 2430 arte
982 2370 1124 2430 uteretur
1144 2365 1325 2430 mortuosat

179 2469 278 2541 fertur
301 2472 483 2540 suscitasse.
508 2494 605 2557 quam
628 2476 669 2542 ob
691 2496 760 2541 rem
782 2477 882 2540 iratus
903 2474 937 2537 in
960 2492 1033 2538 eum
1047 2473 1134 2537 louis
1157 2472 1287 2537 domum

180 2578 414 2648 eiusfulminis
436 2583 500 2649 iotu
521 2585 689 2669 percussit,
711 2585 817 2669 ipsum
838 2602 916 2647 uero
931 2581 1073 2665 Apollini
1095 2580 1233 2645 donasse
1256 2586 1287 2644 et
1317 2580 1321 2585 ’

180 2686 262 2753 inter
288 2697 377 2756 astra
400 2692 601 2759 constituisse
623 2680 762 2776 putatur.
792 2692 889 2757 habet
915 2695 1022 2755 autem
1045 2689 1155 2755 stellas
1177 2687 1211 2751 in
1233 2706 1286 2752 oa-

180 2797 245 2880 pite
268 2799 470 2883 splendidam
491 2822 598 2886 nnam,
621 2802 655 2866 in
671 2800 802 2868 sinistra
815 2820 912 2865 manu
927 2805 1001 2876 tres,
1022 2798 1057 2862 in
1079 2798 1191 2862 dextra
1211 2801 1286 2875 tres,
1299 2819 1326 2859 no

180 2904 214 2968 in
235 2926 428 2992 unoquoque
451 2910 582 2976 humero
605 2911 809 2994 splendidam
830 2931 937 2994 unam,
960 2909 994 2974 in
1007 2908 1125 2973 lumbis
1140 2908 1232 2989 duas,
1254 2906 1288 2971 in
1379 2969 1384 2977 .

183 3020 315 3096 utroque
338 3038 424 3099 genu
446 3019 606 3103 singulas,
637 3020 669 3083 in
692 3021 827 3085 dextera
848 3019 928 3085 tibia
950 3038 1062 3094 unam,
1091 3016 1124 3080 in
1151 3015 1287 3095 singulis

181 3121 317 3204 pedibus
346 3125 500 3210 singulas.
531 3135 606 3195 sunt
634 3148 744 3195 omnes
766 3151 843 3192 xvn.
874 3149 945 3194 oum
966 3126 1016 3191 his
1038 3145 1115 3190 uero
1143 3142 1226 3206 quae
1254 3121 1287 3186 in

181 3233 322 3314 serpenti
344 3239 418 3299 sunt
438 3259 530 3301 xxm.

216 3387 232 3439 1
250 3385 324 3442 filius
342 3390 485 3462 Apollinis
503 3399 526 3447 V
544 3391 557 3464 ll
578 3393 719 3465 appolinis
738 3394 759 3444 S
778 3391 791 3463 ll
811 3390 987 3446 medicinas
1007 3388 1020 3459 ΙΙ
1040 3390 1251 3449 ueneresturs
1271 3385 1284 3453 ΙΙ
1304 3393 1326 3443 S

181 3473 199 3527 2
216 3473 303 3529 iratus
322 3484 384 3530 meu
402 3481 424 3530 S
444 3479 456 3549 ΙΙ
477 3480 585 3551 Iupiter
608 3487 630 3533 V
647 3479 661 3551 ΙΙ
683 3481 708 3534 ei
732 3486 754 3532 V
779 3483 791 3549 ll
816 3479 950 3547 erogatu
969 3481 1061 3531 autem
1084 3481 1107 3529 V
1132 3476 1144 3544 ΙΙ
1167 3475 1186 3529 4
1206 3474 1285 3524 certo

182 3573 243 3612 eum
254 3561 333 3615 —ad
352 3565 439 3619 uitam
458 3571 487 3620 et
505 3571 561 3619 loco
575 3585 622 3619 sco
636 3569 780 3621 detestato
793 3575 893 3634 etpost
912 3563 989 3618 Iouis
1009 3582 1033 3615 a.
1044 3569 1062 3613 V
1074 3562 1217 3614 inserendo
1229 3574 1287 3609 0⁸⁸0

182 3648 276 3698 docent
295 3651 397 3703 scholia
410 3656 774 3720 Basileenstocf.p.62,16
797 3653 810 3723 Η
837 3653 854 3708 5
873 3650 998 3705 defuncti
1016 3653 1037 3700 S
1056 3653 1145 3702 om.l⁷
1167 3645 1181 3714 ll
1205 3643 1287 3698 ”⁰⁸5⁵

180 3732 271 3786 tuisse
294 3741 316 3788 V
334 3734 348 3805 ΙΙ
368 3738 385 3792 6
403 3739 436 3792 ,3.
454 3742 503 3790 SV
520 3748 547 3790 et
565 3743 604 3790 sic
619 3741 713 3807 attone
735 3736 747 3809 ΙΙ
770 3745 808 3793 29-
827 3738 1044 3805 Vetsieabique
1065 3732 1077 3803 ll
1098 3735 1115 3790 8
1133 3737 1163 3786 et
1181 3736 1254 3807 exl'
1273 3727 1286 3800 ΙΙ

182 3836 217 3891 10
234 3855 322 3891 xx1111
345 3845 368 3893 V
391 3839 405 3911 ΙΙ
430 3843 463 3895 11
483 3841 589 3895 orificio
607 3859 676 3893 corr.
696 3858 732 3893 ec
749 3839 914 3894 horificios
939 3838 953 3909 ll
978 3838 1122 3893 melanas
1145 3843 1167 3890 V
1186 3836 1199 3906 ΙΙ
1224 3813 1289 3907 pma

181 3923 231 3973 SV
249 3923 263 3994 Η
283 3942 302 3994 q
319 3930 340 3978 s
359 3925 373 3996 ΙΙ
394 3928 441 4008 qui
458 3933 481 3981 V
500 3926 513 3998 ll
535 3928 569 3983 14
588 3927 686 3982 dextra
708 3933 730 3980 V
748 3925 762 3997 Η
783 3927 817 3981 15
835 3940 930 3980 omnes
950 3925 1032 4015 stelle
1057 3931 1079 3977 V
1098 3924 1111 3994 ll

217 4045 251 4099 16
270 4046 410 4118 asclepius
431 4047 535 4102 paupe
556 4047 570 4119 ΙΙ
588 4028 729 4103 medicina
750 4045 853 4101 GG⁰G⁶
874 4045 887 4116 ΙΙ
908 4050 1020 4100 ucrstm
1040 4048 1064 4099 cl
1085 4044 1097 4116 Η
1117 4016 1229 4098 udretur
1249 4044 1325 4104 (ἔθα
1385 4092 1390 4100 ,

185 4128 221 4182 (3⁶
232 4127 247 4200 ΙΙ
262 4134 296 4188 18
308 4134 414 4204 apolini
426 4138 449 4189 e
463 4136 476 4205 ΙΙ
491 4135 615 4206 apolloni
630 4134 707 4189 (papa
722 4136 736 4204 ll
752 4136 785 4190 19
799 4136 883 4204 caput
897 4136 936 4186 aa
949 4153 1017 4187 corr.
1033 4133 1082 4187 0⁶²
1096 4131 1109 4203 ll
1124 4134 1159 4187 20
1171 4128 1288 4182 dextera

184 4218 296 4357 G‘G'Gll
317 4222 353 4277 24
371 4227 503 4292 serpente
519 4221 560 4299 θ’
578 4220 593 4292 ΙΙ
614 4228 688 4291 infra
707 4220 1008 4277 SERPENTARIVS
1030 4217 1133 4274 GGwGl
1152 4235 1209 4268 eum
1221 4218 1289 4266 iaso·

181 4306 244 4371 piae
290 4307 329 4359 (3⁶
349 4309 362 4380 Η
