3202 5200
628 526 665 538 -
710 492 859 558 219-

186 660 277 725 litum
303 658 424 741 digiliis
450 660 619 725 inhaerere
646 659 724 743 pilis
747 681 805 743 pre
834 662 921 726 uallo
948 661 1102 745 fulgorem
1126 664 1231 746 effigie
1255 672 1334 738 eaS

187 775 219 834 et
241 770 399 835 antemnis
425 769 645 852 nauigantium
672 768 810 851 aliisque
837 771 967 834 nauium
989 772 1134 854 partibus
1156 792 1215 837 een
1237 794 1293 838 uo·

187 878 249 942 eali
273 878 412 958 quodam
435 897 514 964 seno
536 878 685 943 insistunt
705 879 909 945 utuolneres
931 880 1041 945 sedern
1064 901 1104 946 ex
1127 880 1206 947 sede
1228 896 1292 946 rnu-

185 993 298 1071 tantes‚
321 1007 448 1069 graues,
463 1008 544 1051 eum
563 987 726 1052 solitariae
750 1009 878 1069 uenere,
903 997 1146 1072 mergentesque
1160 991 1294 1072 nauigia

187 1102 227 1175 et,
250 1097 278 1161 si
298 1097 331 1160 in
354 1096 482 1161 carinae
504 1097 570 1161 ima
591 1095 776 1182 deciderint,
801 1106 985 1178 exurentes3
1014 1100 1163 1180 geminae
1185 1105 1293 1165 autem
1318 1121 1330 1157 ⁵

186 1204 342 1270 salutares
371 1211 402 1270 et
429 1226 601 1290 prosperos
628 1226 739 1273 cursus
765 1210 958 1282 nuntiantes,
990 1228 1124 1290 quarum
1152 1209 1294 1274 aduentu

185 1314 292 1396 iugari
316 1315 419 1379 diram
441 1316 532 1380 illam
555 1335 592 1380 ae
614 1317 771 1382 minacem
794 1319 1054 1402 appellatamque
1069 1317 1229 1382 Helenam
1248 1318 1293 1382 se-

185 1430 259 1488 runt
281 1429 313 1489 et
335 1425 376 1489 ab
398 1423 433 1488 id
454 1424 577 1489 Polluei
600 1445 640 1490 ae
656 1426 780 1491 Castori
802 1428 835 1492 id
857 1449 975 1494 numen
992 1418 1294 1509 assignanteosque

184 1535 217 1598 in
239 1535 320 1598 mari
342 1533 503 1599 inuocant.
526 1533 689 1599 hominum
705 1556 833 1618 quoque
850 1539 954 1620 capita
968 1537 1161 1621 uespertinis
1176 1555 1293 1617 magne

183 1644 355 1728 praesagio
378 1641 629 1725 circumfulgent.
654 1646 761 1710 omnia
783 1646 905 1711 ineerta
928 1647 1051 1712 ratione
1067 1652 1098 1712 et
1112 1647 1146 1710 in
1160 1646 1292 1711 naturae
1308 1668 1332 1705 ιο
1424 1656 1430 1665 ·

183 1755 351 1819 maiestate
372 1753 492 1817 abdita.
558 1741 560 1744 Α

657 1863 820 1929 Eiusdem.
923 1894 926 1898 *

269 1974 372 2038 Areus
399 1991 470 2036 eum
497 1976 570 2035 sunt
598 1970 757 2053 duplices,
784 1974 912 2057 pluuias
939 1973 1097 2050 nuntiant,
1127 1993 1147 2037 a
1173 1972 1292 2056 pluuiis

184 2081 388 2146 serenitatem
410 2101 475 2145 nen
497 2079 632 2163 perinde
654 2086 782 2146 certam.
822 2104 892 2148 eum
920 2088 1043 2148 aestate
1072 2082 1291 2148 uehementius

182 2191 285 2257 tenuit
307 2211 407 2277 quam
426 2189 526 2269 fulsit,
548 2196 663 2255 uentos
686 2211 725 2254 ex
748 2213 787 2257 ea
808 2200 900 2277 parte
924 2193 1105 2274 denuntiat,
1130 2197 1241 2275 eontra
1263 2191 1291 2255 si
1307 2219 1329 2255 15

182 2300 286 2364 minus
309 2299 425 2376 tenuit,
457 2300 601 2363 imbrem.
641 2320 711 2364 eum
735 2322 847 2367 serene
871 2304 962 2367 eaelo
984 2303 1137 2385 fulgurat,
1159 2288 1293 2386 planatae

183 2413 275 2473 eruut
299 2414 330 2471 et
352 2409 502 2486 tonitrua,
526 2414 583 2472 aut
604 2407 770 2487 hiemabit‚
794 2411 990 2475 atronissime
1012 2415 1132 2486 autem,
1156 2428 1226 2473 eum
1251 2427 1291 2472 ex

184 2516 331 2581 omnibus
355 2522 503 2596 quattuor
524 2516 666 2598 partibus
686 2518 768 2582 eaeli
789 2519 974 2601 fulgurabit.
998 2538 1068 2582 eum
1084 2518 1124 2581 ab
1140 2517 1291 2599 aquilone

129 2622 131 2627 ’
183 2630 305 2708 autem,
329 2624 546 2707 inposterum
570 2625 653 2690 diem
678 2647 794 2710 aquam
817 2627 999 2710 pertendet,
1028 2646 1098 2690 eum
1121 2646 1142 2690 a
1165 2632 1289 2717 septen-

182 2735 300 2813 trione,
329 2739 458 2798 uentum
487 2756 568 2798 eum.
607 2755 678 2800 eum
706 2738 747 2801 ab
775 2743 883 2803 austro
907 2737 959 2802 uel
982 2758 1056 2801 earo
1080 2744 1136 2800 aut
1157 2732 1288 2800 fauonio
1303 2764 1328 2800 a

182 2849 275 2909 noete
291 2862 406 2908 serena
421 2843 605 2927 fulgurabit
628 2851 758 2910 uentum
780 2853 812 2911 et
833 2846 964 2911 imbrem
989 2866 1028 2911 ex
1051 2844 1173 2911 eisdem
1189 2842 1289 2930 regie

181 2955 275 3019 nibus
298 2951 538 3017 demonstrabit.
568 2974 639 3018 eum
658 2956 702 3019 ab
726 2957 878 3038 aquilone
901 2957 1002 3039 fulget
1024 2964 1056 3020 et
1078 2956 1119 3019 ab
1143 2974 1219 3019 eure
1242 2945 1289 3019 in'-

180 3069 279 3148 tonat,
303 3067 522 3145 tempestatem
546 3061 710 3145 signifieat.
738 3068 877 3131 tonitrua
899 3067 1054 3131 matutina
1076 3071 1205 3129 uentum
1227 3065 1290 3147 sig-

180 3174 320 3250 nificant,
343 3171 475 3236 imbrem
498 3170 686 3238 meridiana.
707 3174 734 3238 si
757 3176 859 3241 nubes
882 3181 917 3240 ut
938 3177 1060 3241 uellera
1081 3177 1179 3242 lanae
1202 3197 1289 3260 spar-

179 3290 294 3366 gentur
316 3283 358 3346 ab
379 3281 509 3364 oriente,
532 3282 651 3363 aquam
672 3282 705 3346 in
727 3284 865 3349 triduum
886 3286 1101 3369 praesagient.
1141 3312 1148 3323 ·

215 3438 230 3490 1
249 3436 377 3488 inherere
403 3433 415 3502 Η
442 3433 518 3503 effigi
537 3440 566 3489 et
591 3436 604 3506 Η
630 3438 647 3491 2
664 3437 760 3507 ptibus
780 3439 888 3493 euoeali
913 3439 925 3510 Η
952 3439 969 3494 5
987 3436 1065 3492 hima'
1085 3438 1098 3508 Η
1124 3442 1140 3494 6
1158 3442 1287 3510 prosperi
1305 3438 1327 3486 S

181 3540 276 3577 cursus
295 3522 408 3575 nuntiae
421 3525 524 3574 Plinius
545 3524 557 3592 Η
578 3525 674 3578 ‘liram
694 3522 708 3593 Η
727 3526 877 3580 senatoris
898 3524 911 3595 Η
932 3534 1040 3578 nemen
1052 3523 1065 3595 Η
1086 3541 1186 3578 numen
1201 3531 1258 3577 terr.
1273 3525 1287 3594 Η

179 3611 341 3677 assignante
360 3606 375 3677 Η
396 3608 544 3661 9uestinis
565 3607 578 3679 Η
599 3610 633 3663 10
651 3610 680 3661 in
699 3613 775 3663 certe
797 3610 809 3680 Η
830 3613 865 3666 13
878 3618 940 3664 Ptin
964 3617 989 3662 Χ
995 3617 1060 3664 V111
1072 3619 1126 3662 358
1146 3611 1159 3682 Η
1179 3612 1288 3681 nuptiat

180 3696 193 3765 Η
215 3696 250 3749 14
268 3711 284 3745 u
303 3711 322 3764 p
340 3695 455 3746 ieertam
477 3691 490 3762 Η
509 3705 569 3760 post
591 3698 695 3747 certam
714 3699 789 3747 mulir
804 3700 919 3750 Plinius:
940 3699 1037 3752 circuli
1056 3698 1137 3751 nubis
1157 3699 1232 3751 eirea
1249 3698 1285 3751 si-

180 3782 247 3834 dera
266 3781 360 3848 aliqua
377 3779 499 3848 pluuiam
521 3779 536 3850 Η
562 3797 622 3835 eum
642 3783 761 3850 aestate]
781 3787 848 3839 Ptin.
869 3789 887 3837 l.
905 3790 921 3837 l.
940 3794 993 3836 354
1012 3783 1025 3853 Η
1047 3786 1080 3838 15
1100 3802 1154 3854 quo
1174 3786 1252 3839 fulsit
1271 3785 1284 3855 Η

180 3868 326 3938 denfiptiat
345 3864 359 3935 Η
379 3866 412 3919 16
431 3865 538 3934 fulgora
558 3868 570 3936 Η
590 3866 701 3937 pluuiae
716 3873 808 3922 maledi
822 3890 856 3923 ear
869 3862 955 3925 Plinio
976 3870 990 3940 Η
1011 3873 1044 3926 17
1062 3873 1184 3925 trouitua
1203 3876 1216 3942 Η
1237 3872 1285 3924 ab·

92 3980 97 3991 ‹
178 3953 296 4007 himanit
308 3953 368 4021 (sic)
389 3951 401 4021 Η
423 3956 451 4005 et
469 3953 703 4023 hiemabitsillip.
724 3956 738 4027 Η
759 3963 807 4010 aut
825 3959 1028 4014 hiemabitIna.
1050 3958 1063 4029 Η
1085 3962 1118 4015 18
1137 3960 1287 4028 fulgorauit

181 4036 194 4107 Η
215 4038 250 4090 ab
270 4040 399 4107 aquilone
418 4043 524 4092 tantum
534 4045 638 4094 Plinius
657 4040 671 4112 Η
691 4045 726 4099 20
744 4045 828 4099 ahere
848 4045 862 4116 Η
882 4049 915 4101 21
936 4048 1085 4117 fulgorauit
1105 4048 1118 4118 Η
1138 4048 1172 4101 22
1192 4044 1285 4097 demo·

180 4125 281 4177 strauit
298 4121 310 4192 Η
331 4140 392 4177 eum
402 4156 435 4164 -
446 4127 586 4194 signifieat
605 4149 653 4180 urar.
667 4130 774 4184 Plinius
789 4130 803 4203 Η
823 4135 859 4191 23
875 4139 991 4188 tonsura
1009 4136 1156 4189 mattutina
1170 4136 1183 4204 Η
1198 4137 1284 4204 signi·

111 4286 114 4290 A
179 4209 246 4262 ficet
265 4208 278 4278 Η
299 4212 334 4264 24
352 4211 531 4266 meridianum
552 4214 565 4283 Η
586 4217 611 4269 si
629 4217 727 4286 nubes]
747 4223 815 4274 Plia.
831 4225 847 4271 l.
863 4225 947 4274 1356
965 4221 979 4291 Η
999 4228 1164 4292 spargentur
1182 4223 1284 4294 multae

182 4296 217 4350 ab
236 4296 343 4350 emente
362 4301 465 4351 Plinius
484 4296 498 4370 Η
966 4325 968 4329 ’
