3254 5202
785 502 1000 575 ..30-

338 672 478 759 portauit
502 671 667 760 [pertulitl.
703 671 831 738 Nebula
846 692 918 737 eum
932 671 983 737 his
998 671 1087 737 dedit
1101 690 1200 737 aureo
1221 671 1345 739 uellere
1368 677 1442 738 eata

340 781 516 847 Hesiodum
539 783 593 865 qui
616 778 672 848 eos
694 774 855 867 perferret.
880 780 996 847 deinde
1018 780 1120 866 iungit
1141 780 1301 848 decidisse
1316 781 1440 849 Hellen.

340 913 362 958 a
384 912 448 975 qua
462 892 705 975 Hellespontum
727 891 853 958 dietum.
889 912 985 974 quarn
1000 895 1182 978 Neptunum
1204 892 1442 977 eompressisse‚

340 1023 380 1071 ex
408 1022 474 1084 qua
501 1001 585 1066 filios
612 1002 766 1083 genuerit.
810 1002 962 1067 Phrixum
988 1010 1097 1069 autern
1123 1001 1281 1101 perlatum
1305 999 1449 1069 Oolohos

315 1111 435 1200 sleius]
460 1112 622 1178 arietem
643 1113 829 1177 immolasse
851 1112 1031 1197 pellemque
1054 1114 1122 1179 eius
1145 1131 1277 1179 auream
1298 1110 1369 1175 Ioui
1391 1130 1443 1176 sa·

340 1243 458 1289 orasse.
502 1223 574 1288 ideo
597 1244 669 1288 eum
691 1247 753 1289 aon
774 1241 888 1306 parere
911 1222 957 1291 ait
978 1223 1168 1310 Fereoydes,
1191 1222 1277 1306 quod
1299 1221 1444 1306 deposito

340 1331 461 1398 uellere
489 1353 587 1398 aureo
614 1333 648 1396 in
677 1331 805 1397 saelum
833 1331 874 1397 sit
904 1339 1057 1418 receptus.
1102 1333 1199 1400 hahet
1220 1332 1331 1398 stellas
1353 1354 1444 1396 xvru.

342 1440 448 1527 oapud
476 1448 584 1508 autem
614 1443 683 1508 eius
712 1440 756 1508 ad
781 1447 933 1507 taurum
960 1462 1090 1509 uersum
1116 1448 1250 1528 spectat.
1296 1441 1444 1527 Nigidius

343 1553 428 1618 huno
457 1553 620 1619 arietem
655 1553 731 1619 dieii
757 1552 871 1617 duoem
899 1557 930 1616 et
955 1553 1146 1639 principium
1173 1573 1244 1620 esse
1272 1553 1445 1640 signorum,

305 1706 330 1746 10
342 1664 504 1730 inmortali
526 1670 632 1730 autem
654 1662 808 1727 memoria
830 1661 1013 1746 dignatum,
1038 1664 1123 1747 quod
1146 1683 1218 1729 eum
1241 1664 1337 1730 Liber
1357 1685 1446 1732 exer-

273 1826 276 1831 .
342 1774 438 1839 eitum
458 1774 492 1838 in
508 1773 651 1839 Afrioam
667 1773 796 1838 duceret
818 1792 975 1854 aquarum
995 1772 1106 1858 inopia
1120 1772 1363 1841 deminuehatur
1378 1776 1445 1842 eius

342 1884 521 1951 multitudo.
564 1890 637 1970 post
664 1883 782 1950 deinde
811 1883 934 1965 aliquot
960 1883 1030 1949 dies
1060 1887 1145 1951 aries
1172 1903 1249 1950 easn
1279 1886 1444 1970 repentino

343 1994 493 2078 apparuit
513 1994 727 2078 Liberumque
748 2001 781 2060 et
802 1993 977 2059 exereitum
1000 1992 1065 2058 dux
1087 1994 1130 2062 ad
1152 2014 1272 2076 aquam
1295 1995 1446 2061 diuinitus

315 2164 317 2171 Α
343 2104 500 2189 perduxit.
544 2106 585 2171 ab
608 2105 669 2171 hoo
690 2104 775 2171 faoto
797 2104 894 2170 Liber
916 2123 987 2169 eum
1011 2105 1144 2171 arietem
1166 2104 1276 2170 Iouem
1294 2105 1445 2171 ‘Hammo

307 2259 331 2298 ι,
343 2235 416 2280 nem
439 2215 616 2299 appellauit
631 2216 723 2299 eique
745 2213 857 2279 fanum
879 2233 917 2279 eo
940 2215 1021 2295 loeo,
1044 2235 1107 2297 quo
1129 2220 1257 2299 reperta
1280 2221 1328 2280 est
1349 2236 1446 2305 aqua,

344 2324 548 2407 magnifieum
571 2324 755 2391 aedifioadit
779 2323 1053 2412 [memorauitque]
1078 2343 1213 2407 eumque
1237 2323 1377 2413 [lorum]
1400 2326 1447 2390 in-

343 2434 468 2499 mortali
499 2435 679 2500 nobiliiauit
705 2435 837 2502 honore.
881 2433 916 2499 id
942 2433 1053 2498 fanum
1086 2435 1128 2500 ab
1156 2432 1354 2501 Alexandria
1386 2435 1448 2501 iter

345 2546 467 2612 dierum
500 2564 618 2613 nouem
650 2546 844 2612 harenosum
871 2551 928 2611 est,
973 2545 1166 2630 serpentium
1196 2550 1243 2610 est
1268 2545 1446 2611 multitudo.

345 2655 431 2739 quod
453 2657 495 2723 ab
517 2657 640 2722 harena
661 2657 821 2722 Hammon
843 2661 897 2721 eat
919 2658 1124 2724 nominatum.
1157 2657 1255 2739 igitur
1276 2661 1448 2740 propterea

306 2767 430 2851 paries
457 2767 522 2833 dux
549 2787 656 2849 aquae
682 2767 861 2833 inmortalis
888 2767 1074 2833 nobilitatus
1102 2773 1150 2833 est
1176 2782 1204 2833 et
1229 2765 1312 2833 caeli
1338 2764 1449 2851 sidera

344 2991 402 3043 tem
420 2993 443 3040 P
467 2986 480 3060 Η
510 2989 524 3043 1
543 2989 667 3059 portauit
685 2988 818 3062 [pertulit]
839 2994 867 3046 F.
886 2990 1027 3042 Biirbeler.
1047 3002 1106 3042 non,
1126 2958 1199 3039 mres..
1211 2987 1296 3040 liber.
1316 2990 1388 3039 xm
1400 2996 1450 3040 181

345 3079 397 3129 nisi
416 3080 488 3144 sorte
506 3077 651 3129 scholiasta
676 3086 704 3129 nr
728 3081 791 3130 olim
814 3096 861 3144 epo
885 3081 980 3146 potorii
997 3094 1076 3130 onum
1095 3075 1221 3129 Phrixum
1238 3078 1385 3141 respiciens
1402 3091 1451 3128 111-

344 3167 484 3230 perpenses
502 3166 573 3217 drab
591 3168 706 3234 portans
723 3165 839 3236 pertulit
857 3169 875 3217 i.
895 3183 917 3218 e.
939 3169 1001 3217 tulit
1018 3181 1068 3231 per
1087 3173 1187 3216 terrum
1206 3172 1232 3216 rt
1251 3179 1324 3215 more
1344 3171 1369 3214 11
1387 3179 1452 3230 per·

346 3286 411 3336 sotir
430 3287 465 3352 ef.
485 3288 578 3337 Seuer.
596 3288 628 3338 de
648 3286 732 3354 benef.
747 3290 792 3338 111
802 3295 838 3338 ³7
857 3283 871 3353 Η
891 3264 1009 3338 bibulae
1028 3281 1134 3337 isdedit
1152 3286 1172 3333 A
1191 3280 1206 3354 Η
1225 3281 1352 3354 nebulqis
1372 3281 1452 3336 dedit

347 3376 370 3426 P
388 3370 401 3442 Η
420 3370 532 3425 Nebula
551 3374 611 3427 eum
629 3373 673 3427 his
692 3391 703 3426 ε
724 3372 737 3441 Η
762 3370 954 3443 eathpsiodnm
973 3376 996 3424 P
1019 3370 1072 3442 Η3
1091 3387 1108 3424 a
1126 3373 1211 3422 om.P
1232 3368 1249 3440 Η
1273 3368 1362 3424 helles
1380 3385 1449 3441 pon·

346 3463 404 3514 turn
417 3464 440 3511 P
458 3458 470 3531 Η
490 3475 603 3514 nassum
622 3472 808 3531 oomyressum
822 3464 869 3513 ΑΡ
887 3459 901 3532 Η
920 3459 1081 3531 Neptunum
1100 3458 1302 3529 compressisse
1321 3461 1415 3525 scripsi
1435 3457 1448 3527 Η

346 3547 553 3603 4Ρ1111111111Ρ
578 3547 591 3617 Η
617 3547 730 3602 eolohus
750 3552 771 3600 A
796 3546 810 3620 Η
834 3548 931 3603 belus
950 3551 1036 3600 ‹lrlroi
1057 3546 1071 3617 Η
1096 3545 1192 3600 arietis
1211 3550 1234 3597 P
1249 3543 1264 3616 Η
1284 3559 1379 3599 sacras
1399 3542 1450 3598 sed

347 3634 412 3688 ideo
431 3639 453 3687 Α
474 3635 488 3708 Η
508 3637 593 3691 iinon
612 3640 704 3688 rddidi
730 3634 743 3707 Η
768 3652 866 3707 parere
885 3640 917 3689 nt
933 3634 1081 3689 heraoides
1100 3626 1148 3687 ᾸΡ
1164 3632 1181 3706 Η
1199 3632 1305 3704 pallere
1324 3630 1364 3685 ait
1381 3632 1449 3686 Era-

348 3721 495 3777 tosthenes
508 3723 643 3777 Pistris
664 3721 677 3794 Η
697 3739 752 3776 non
764 3739 862 3794 parere
877 3724 917 3778 eit
928 3723 1088 3793 Fereoydes
1107 3725 1202 3789 scripsi
1216 3739 1251 3774 eor
1265 3721 1324 3777 Cor.
1339 3724 1407 3772 XIX
1424 3727 1452 3773 et

349 3813 405 3861 rod.
419 3813 447 3862 S.
460 3812 635 3861 Hermoneosi
657 3807 669 3880 Η
690 3813 707 3867 8
725 3814 809 3881 caput
821 3816 844 3862 P
862 3811 875 3881 Η
896 3811 986 3880 nigius
1001 3816 1021 3862 A
1043 3810 1057 3879 Η
1078 3814 1111 3877 ef.
1123 3812 1224 3877 Ampel.
1238 3812 1338 3865 l.m.11
1347 3816 1360 3860 1
1382 3811 1451 3875 pr.

348 3892 401 3965 frib.
416 3906 467 3950 1³8
487 3895 500 3968 Η
520 3898 554 3953 10
572 3886 703 3950 donatum
722 3903 744 3948 P
762 3896 776 3969 Η
797 3900 831 3954 12
850 3897 964 3970 aliquod
983 3896 1037 3969 ΡΗ
1057 3897 1130 3950 aries
1150 3898 1242 3951 addidi
1261 3892 1453 3949 110111111Βᾶ-

348 3987 451 4039 1111110
476 3983 489 4056 Η
516 3987 642 4038 caused
668 3980 682 4051 Η
708 3986 742 4040 13
761 3985 816 4039 dux
835 3992 953 4054 sortasse
973 3987 1111 4036 delendum
1136 3980 1149 4053 Η
1175 3982 1308 4036 diuinitus
1328 3999 1397 4034 corr.
1417 3996 1453 4032 ea

347 4072 503 4127 diuinitatis
522 4076 545 4123 P
563 4069 576 4140 Η
597 4070 632 4124 14
650 4076 837 4125 ammonemP
856 4072 869 4143 Η
888 4073 923 4128 16
940 4070 1140 4140 memoriauitq.
1155 4073 1175 4121 A
1191 4081 1259 4123 resse
1273 4071 1417 4134 Kiessliap.
1432 4064 1447 4137 Η

348 4159 565 4229 memorauitque
585 4156 722 4210 stlocum
741 4161 827 4211 deleas·
847 4177 902 4211 cam
922 4156 1069 4211 Bbrlolero
1091 4155 1104 4230 Η
1129 4159 1162 4213 li
1182 4158 1233 4212 abe
1252 4156 1414 4212 xandreaA
1435 4153 1450 4227 Η

349 4249 382 4303 19
402 4263 486 4301 arena
503 4249 631 4313 hammon
650 4250 673 4296 P
688 4243 703 4315 Η
724 4247 759 4302 20
778 4249 833 4316 atq.
847 4249 894 4298 „ln
912 4243 926 4317 Η
947 4261 1035 4316 aquae
1054 4250 1151 4314 scripsi
1165 4265 1199 4299 ra
1212 4238 1379 4299 Sirozaiono
1400 4242 1415 4314 Η
1435 4259 1452 4296 a

349 4335 416 4413 Ioue
436 4332 574 4415 Biirheier.
587 4329 608 4402 Η
628 4332 767 4389 inmortali
785 4334 890 4391 honore
907 4338 977 4389 idem
998 4332 1011 4407 Η
1032 4339 1061 4388 et
1079 4337 1172 4388 addidi
1191 4333 1204 4403 Η
1224 4333 1327 4404 sydera
1344 4337 1366 4385 P
1384 4329 1398 4403 Η
