3254 5202
775 501 820 518 -
863 468 925 536 108
966 502 1022 523 ·--v

341 638 526 722 serpentarii
547 640 648 722 pedes
670 638 829 720 attingunt
849 636 987 703 frontem
1009 635 1204 721 scorpionis3
1227 633 1318 701 alteri
1340 637 1447 701 autem

342 752 424 811 retro
446 752 508 812 stat
528 753 645 826 custos,
669 747 728 812 sub
751 746 886 830 pedibus
908 744 1037 830 quidem
1060 745 1129 810 eius
1151 746 1242 830 uirgo
1261 744 1385 809 habens
1400 744 1448 827 ig·
1510 758 1517 771 ’

340 875 434 921 neam
456 856 490 920 in
504 854 650 920 manibus
672 855 802 939 spicam.
826 856 972 921 retrorsis
987 875 1065 921 uero
1081 852 1225 938 uestigiis
1241 853 1368 918 adiacet
1382 853 1445 933 leo,

340 963 454 1030 mediis
475 964 608 1030 aestiuis
622 964 765 1031 solstitiis
787 983 900 1029 cancer
921 968 953 1031 et
974 963 1103 1048 gemini.
1124 983 1231 1048 genua
1252 967 1357 1027 autem
1380 962 1449 1046 agi-
1529 1010 1532 1016 .

303 1100 315 1138 r
342 1074 453 1139 tatoris
476 1072 604 1161 [capud]
629 1074 748 1158 gemini
771 1073 937 1157 attingunt.
960 1073 1061 1158 pedes
1076 1078 1182 1137 autem
1197 1071 1266 1137 eius
1281 1071 1365 1137 tauri
1380 1090 1448 1136 cor-
1514 1132 1516 1135 .

299 1212 304 1215 ·
339 1182 434 1248 nibus
455 1184 636 1266 iunguntur.
664 1184 754 1249 ouius
776 1182 906 1248 haeduli
928 1182 1065 1266 desuper
1088 1181 1231 1247 obtinent
1251 1181 1357 1247 locum
1379 1200 1448 1267 sep-

339 1292 516 1357 tentrionis.
545 1290 772 1361 hebetantem
795 1292 968 1376 septentrio
991 1311 1013 1356 a
1035 1290 1156 1356 dextris
1176 1289 1266 1356 iuxta
1287 1310 1448 1372 coronam,

340 1400 479 1485 desuper
505 1406 684 1484 serpentem
711 1401 746 1466 in
771 1401 921 1467 manibus
949 1399 1139 1485 serpentarii
1166 1405 1297 1465 etcum
1330 1401 1384 1483 qui
1414 1400 1449 1465 in
1567 1470 1573 1476 ,

339 1510 487 1591 geniculo
511 1515 574 1575 stat
596 1515 628 1575 et
649 1496 777 1575 sinistro
800 1510 883 1594 pede
905 1508 1161 1594 septentrionalis
1181 1509 1331 1575 draconis
1354 1509 1449 1575 uerti-

301 1637 408 1685 1ooem
431 1617 575 1698 calcans,
602 1638 700 1683 unum
723 1618 887 1685 brachium
908 1619 1014 1705 lyrae,
1037 1619 1172 1684 alterum
1194 1618 1276 1684 dans
1299 1637 1445 1683 coronae.

338 1746 477 1809 namque
498 1748 519 1792 a
541 1729 654 1794 minori
676 1729 890 1813 septentrione
904 1728 1033 1794 ultimus
1048 1748 1108 1812 pes
1124 1727 1244 1813 Cephei
1260 1727 1446 1812 continetur,
1530 1764 1532 1768 v

339 1855 476 1922 cygnum
499 1857 595 1903 manu
618 1837 729 1903 dextra
742 1837 1021 1924 apprehendentis,
1044 1856 1142 1921 super
1157 1836 1247 1903 cuius
1262 1834 1331 1900 alas
1347 1853 1447 1917 equus

339 1945 482 2011 extendit
503 1946 631 2029 pedem,
655 1953 687 2012 et
708 1966 805 2033 super
833 1966 950 2029 equum
978 1946 1130 2030 aquarius
1155 1943 1329 2028 extollitur,
1358 1942 1448 2009 iuxta

339 2073 435 2138 quem
463 2054 669 2138 capricornus
696 2062 754 2122 est.
786 2056 845 2123 sub
872 2055 997 2138 aquarii
1026 2054 1162 2139 pedibus
1189 2053 1286 2138 piscis
1311 2071 1447 2133 magnus

303 2193 326 2232 15
339 2163 509 2228 austrinus.
542 2164 712 2230 constituta
741 2171 814 2231 ante
840 2165 1004 2250 Cepheum
1026 2163 1208 2247 Cassiepia:
1242 2167 1274 2228 et
1303 2181 1323 2224 a
1351 2160 1446 2226 dorso

339 2271 505 2356 agitatoris
526 2274 664 2340 Perseus
686 2275 786 2359 pedes
808 2274 958 2341 extendit.
992 2292 1089 2358 super
1109 2271 1219 2338 Persei
1241 2269 1348 2354 capud
1370 2268 1447 2335 Oas-

338 2380 459 2465 siepiae
481 2373 616 2464 pedibus
638 2386 854 2469 propinquare
876 2383 1010 2449 uidetur.
1033 2383 1115 2447 inter
1138 2400 1277 2466 cygnum
1298 2379 1395 2464 igitur
1417 2383 1448 2442 et

339 2507 409 2555 eum
434 2491 488 2574 qui
509 2492 544 2556 in
566 2494 716 2577 geniculo
740 2501 803 2560 stat
824 2496 896 2580 lyra
911 2492 1119 2577 constituitur,
1142 2493 1324 2574 inquorum
1340 2487 1446 2554 medio

339 2595 476 2683 desuper
498 2585 718 2669 adorientem
741 2604 910 2689 delphinus
932 2601 1124 2685 agnoscitur,
1148 2600 1208 2667 sub
1231 2599 1321 2666 ciuus
1344 2596 1448 2663 cauda

299 2714 387 2777 mest
408 2710 527 2790 aquila·
539 2710 573 2775 in
595 2712 740 2796 proximo
762 2712 886 2779 habens
908 2711 1147 2797 serpentarium.

422 2819 490 2882 Iam
514 2821 589 2901 quia
611 2820 652 2886 de
674 2822 837 2904 aquilonio
860 2820 976 2889 circulo
999 2819 1117 2887 dictum
1140 2826 1197 2900 est,
1220 2837 1306 2883 nunc
1326 2815 1369 2882 ad
1390 2835 1447 2881 au-

337 2925 467 2991 stralem
496 2926 640 2994 ordinem
668 2950 886 3016 properemus.
918 2929 977 2999 sub
1000 2930 1113 2996 aculeo
1137 2926 1314 3013 scorpionis
1337 2947 1441 2993 sacra·

336 3035 418 3100 rium
447 3037 651 3104 constitutum
679 3045 741 3124 est,
774 3041 834 3106 sub
861 3060 994 3125 corpore
1023 3038 1092 3104 eius
1118 3037 1278 3103 anteriora
1303 3035 1446 3102 conmuri

337 3142 496 3224 uidentur,
519 3146 553 3210 in
576 3167 639 3228 quo
662 3154 710 3214 est
724 3148 835 3215 bestia.
857 3149 1048 3233 conspicitur
1062 3154 1095 3214 et
1108 3146 1263 3230 sagittarii
1283 3165 1342 3230 pes
1364 3164 1446 3210 sum·

299 3282 324 3322 rs
337 3273 408 3318 mus
441 3259 473 3318 et
507 3274 547 3321 ex
574 3257 639 3321 alia
666 3264 757 3343 parte
783 3259 842 3324 sub
871 3257 1001 3324 australi
1029 3256 1147 3323 circulo
1176 3275 1277 3342 prope
1305 3254 1445 3320 centauri

336 3476 351 3529 1
369 3474 399 3528 Α
411 3473 499 3530 latere
518 3480 611 3533 autem
627 3484 651 3535 V
669 3476 682 3548 Η
701 3482 719 3537 1
738 3484 816 3535 stant
833 3480 999 3536 custodesS
1020 3479 1034 3552 Η
1053 3482 1071 3537 3
1087 3485 1225 3536 retrorsus
1242 3484 1264 3533 V
1282 3478 1298 3550 Η
1315 3477 1445 3546 uestigiis

335 3561 395 3617 eins
410 3567 433 3616 V
445 3562 449 3633 Η
454 3563 460 3636 Η
474 3564 606 3620 adiacens
619 3567 696 3621 leoS
709 3566 723 3640 Η
738 3567 871 3623 adiacens
885 3572 930 3623 est
942 3569 987 3622 leo
1001 3573 1023 3621 V
1036 3566 1050 3639 Η
1064 3566 1177 3622 adiacet
1188 3569 1284 3634 scripsi
1299 3562 1312 3636 Η
1325 3562 1444 3621 4medio

335 3649 427 3705 estiuo
441 3650 563 3705 solstitio
577 3656 600 3703 V
613 3651 626 3723 Η
641 3655 658 3709 5
671 3655 751 3727 capd’
765 3661 786 3709 S
799 3654 814 3727 Η
828 3660 912 3728 caput
929 3660 950 3708 V
964 3654 978 3726 Η
992 3653 1084 3727 capud
1097 3658 1183 3708 deleat
1196 3658 1249 3707 nist
1262 3658 1335 3722 forte
1350 3651 1443 3723 capite

334 3740 379 3789 ael
391 3737 531 3808 capitibus
544 3742 684 3808 legendam
697 3753 736 3796 est
759 3740 771 3812 Η
792 3745 809 3798 6
822 3742 862 3798 (iri
874 3743 918 3797 his
932 3742 1007 3797 eduli
1019 3746 1040 3795 S
1055 3740 1069 3812 Η
1090 3742 1169 3796 cuius
1183 3740 1259 3796 eduli
1276 3746 1298 3794 V
1316 3739 1330 3811 Η
1350 3740 1366 3794 l
1379 3754 1443 3811 sep·

335 3823 493 3879 tentrionS
512 3822 526 3897 Η
545 3827 581 3882 10
598 3826 701 3881 libres
721 3827 735 3901 Η
754 3830 804 3884 lire
822 3836 845 3884 V
863 3831 876 3902 Η
897 3832 930 3886 11
949 3830 1046 3900 Nanq3
1066 3829 1102 3884 ad
1114 3829 1229 3884 minoris
1243 3828 1444 3899 septentrionis

335 3908 433 3963 ultima
455 3915 478 3963 V
504 3911 518 3982 Η
548 3915 749 3984 septentrionis
767 3923 788 3971 S
817 3916 830 3988 Η
860 3919 894 3974 12
913 3919 1023 3987 cignum
1040 3922 1090 3971 SV
1114 3914 1126 3986 Η
1151 3917 1234 3971 alas
1258 3913 1273 3986 Η
1300 3931 1368 3985 equs
1386 3918 1406 3968 S
1427 3912 1440 3984 Η

335 3997 370 4052 15
388 3997 523 4052 costitnta
541 4003 562 4050 8
583 3998 596 4071 Η
617 4001 651 4056 16
668 4003 768 4073 pedem
786 4008 809 4056 V
828 4002 841 4077 Η
863 4008 947 4077 caput
964 4009 986 4058 V
1004 4003 1020 4077 Η
1040 4004 1215 4076 cassiopieS
1236 4002 1250 4075 Η
1270 4004 1304 4058 17
1322 4001 1443 4074 pedibus

335 4101 385 4135 om.
402 4087 424 4136 S
444 4082 458 4155 Η
476 4086 596 4156 pparare
614 4092 636 4141 S
655 4088 669 4161 Η
688 4106 839 4163 properare
862 4097 884 4145 V
907 4089 921 4163 Η
945 4091 1145 4162 propriaquare
1164 4094 1261 4160 scripsi
1281 4089 1296 4161 Η
1315 4088 1445 4143 uidentur

333 4174 355 4223 s
375 4166 389 4241 Η
409 4171 519 4240 cignum
538 4179 586 4229 SV
607 4175 621 4248 Η
642 4179 675 4234 18
693 4176 745 4231 lira
762 4182 811 4231 SV
835 4176 848 4250 Η
873 4179 906 4234 19
926 4178 1105 4247 cognoscitur
1128 4185 1150 4235 V
1173 4179 1186 4253 Η
1212 4179 1442 4250 211am-pro·

332 4273 461 4329 paremus
482 4283 531 4319 om.
550 4269 573 4319 V
591 4262 606 4335 Η
624 4265 660 4321 24
677 4265 824 4337 sagiptarii
841 4269 863 4320 s
883 4264 897 4338 Η
916 4266 952 4322 25
971 4270 1000 4321 et
1018 4271 1103 4321 aas
1122 4268 1137 4341 Η
