<?xml version="1.0" encoding="UTF-8"?>
<!DOCTYPE html PUBLIC "-//W3C//DTD XHTML 1.0 Transitional//EN"
    "http://www.w3.org/TR/xhtml1/DTD/xhtml1-transitional.dtd">
<html xmlns="http://www.w3.org/1999/xhtml" xml:lang="en" lang="en">
 <head>
  <title>
</title>
<meta http-equiv="Content-Type" content="text/html;charset=utf-8" />
  <meta name='ocr-system' content='tesseract 3.04.00' />
  <meta name='ocr-capabilities' content='ocr_page ocr_carea ocr_par ocr_line ocrx_word'/>
</head>
<body>
  <div class='ocr_page' id='page_1' title='image "./germanicicaesar01breygoog_0024.png"; bbox 0 0 3252 5204; ppageno 0'>
   <div class='ocr_carea' id='block_1_1' title="bbox 611 580 836 623">
    <p class='ocr_par' dir='ltr' id='par_1_1' title="bbox 611 580 836 623">
     <span class='ocr_line' id='line_1_1' title="bbox 611 580 836 623; baseline 0 -16"><span class='ocrx_word' id='word_1_1' title='bbox 611 580 836 623; x_wconf 72' lang='lat' dir='ltr'>...m-.-</span> 
     </span>
    </p>
   </div>
   <div class='ocr_carea' id='block_1_2' title="bbox 174 722 1333 2478">
    <p class='ocr_par' dir='ltr' id='par_1_2' title="bbox 175 722 1278 1525">
     <span class='ocr_line' id='line_1_2' title="bbox 176 722 1276 811; baseline 0.001 -19"><span class='ocrx_word' id='word_1_2' title='bbox 176 726 291 794; x_wconf 80' lang='lat' dir='ltr'>nifesto</span> <span class='ocrx_word' id='word_1_3' title='bbox 313 727 414 793; x_wconf 81' lang='lat' dir='ltr'>tenuit</span> <span class='ocrx_word' id='word_1_4' title='bbox 434 722 620 793; x_wconf 73' lang='lat' dir='ltr'>falsarium?</span> <span class='ocrx_word' id='word_1_5' title='bbox 649 727 725 793; x_wconf 89' lang='lat' dir='ltr'>mihi</span> <span class='ocrx_word' id='word_1_6' title='bbox 740 733 845 793; x_wconf 87' lang='lat' dir='ltr'>autem</span> <span class='ocrx_word' id='word_1_7' title='bbox 861 749 922 811; x_wconf 91' lang='lat' dir='ltr'>quo</span> <span class='ocrx_word' id='word_1_8' title='bbox 938 729 993 793; x_wconf 92' lang='lat' dir='ltr'>ille</span> <span class='ocrx_word' id='word_1_9' title='bbox 1014 728 1085 794; x_wconf 86' lang='lat' dir='ltr'>loeo</span> <span class='ocrx_word' id='word_1_10' title='bbox 1108 726 1276 793; x_wconf 78' lang='lat' dir='ltr'>habendus</span> 
     </span>
     <span class='ocr_line' id='line_1_3' title="bbox 177 846 1276 931; baseline -0.003 -17"><span class='ocrx_word' id='word_1_11' title='bbox 177 849 218 914; x_wconf 85' lang='lat' dir='ltr'>sit</span> <span class='ocrx_word' id='word_1_12' title='bbox 240 868 279 912; x_wconf 86' lang='lat' dir='ltr'>ex</span> <span class='ocrx_word' id='word_1_13' title='bbox 302 847 348 913; x_wconf 83' lang='lat' dir='ltr'>eie</span> <span class='ocrx_word' id='word_1_14' title='bbox 371 866 453 929; x_wconf 87' lang='lat' dir='ltr'>quae</span> <span class='ocrx_word' id='word_1_15' title='bbox 476 851 571 911; x_wconf 91' lang='lat' dir='ltr'>antea</span> <span class='ocrx_word' id='word_1_16' title='bbox 598 846 828 931; x_wconf 80' lang='lat' dir='ltr'>disputauimuo</span> <span class='ocrx_word' id='word_1_17' title='bbox 855 846 991 913; x_wconf 85' lang='lat' dir='ltr'>iudicari</span> <span class='ocrx_word' id='word_1_18' title='bbox 1006 866 1108 929; x_wconf 61' lang='lat' dir='ltr'>xposse</span> <span class='ocrx_word' id='word_1_19' title='bbox 1131 846 1276 912; x_wconf 80' lang='lat' dir='ltr'>arbitror.</span> 
     </span>
     <span class='ocr_line' id='line_1_4' title="bbox 176 965 1276 1047; baseline 0.001 -17"><span class='ocrx_word' id='word_1_20' title='bbox 176 966 326 1032; x_wconf 82' lang='lat' dir='ltr'>Leidensi</span> <span class='ocrx_word' id='word_1_21' title='bbox 351 965 466 1047; x_wconf 81' lang='lat' dir='ltr'>librum</span> <span class='ocrx_word' id='word_1_22' title='bbox 489 965 682 1031; x_wconf 81' lang='lat' dir='ltr'>simillimum</span> <span class='ocrx_word' id='word_1_23' title='bbox 710 966 875 1032; x_wconf 79' lang='lat' dir='ltr'>adseruari</span> <span class='ocrx_word' id='word_1_24' title='bbox 903 966 936 1030; x_wconf 93' lang='lat' dir='ltr'>in</span> <span class='ocrx_word' id='word_1_25' title='bbox 962 985 1073 1031; x_wconf 80' lang='lat' dir='ltr'>museo</span> <span class='ocrx_word' id='word_1_26' title='bbox 1095 966 1276 1031; x_wconf 78' lang='lat' dir='ltr'>Britannico</span> 
     </span>
     <span class='ocr_line' id='line_1_5' title="bbox 175 1082 1273 1168; baseline 0.001 -20"><span class='ocrx_word' id='word_1_27' title='bbox 175 1105 227 1149; x_wconf 90' lang='lat' dir='ltr'>me</span> <span class='ocrx_word' id='word_1_28' title='bbox 249 1084 356 1149; x_wconf 89' lang='lat' dir='ltr'>doouit</span> <span class='ocrx_word' id='word_1_29' title='bbox 382 1082 432 1147; x_wconf 90' lang='lat' dir='ltr'>W.</span> <span class='ocrx_word' id='word_1_30' title='bbox 455 1083 494 1149; x_wconf 90' lang='lat' dir='ltr'>N.</span> <span class='ocrx_word' id='word_1_31' title='bbox 520 1083 562 1149; x_wconf 92' lang='lat' dir='ltr'>du</span> <span class='ocrx_word' id='word_1_32' title='bbox 583 1085 672 1150; x_wconf 86' lang='lat' dir='ltr'><strong>Rieu.</strong></span> <span class='ocrx_word' id='word_1_33' title='bbox 695 1084 788 1167; x_wconf 87' lang='lat' dir='ltr'>idem,</span> <span class='ocrx_word' id='word_1_34' title='bbox 812 1104 894 1165; x_wconf 87' lang='lat' dir='ltr'>quae</span> <span class='ocrx_word' id='word_1_35' title='bbox 916 1084 984 1150; x_wconf 80' lang='lat' dir='ltr'>eius</span> <span class='ocrx_word' id='word_1_36' title='bbox 1013 1088 1061 1150; x_wconf 81' lang='lat' dir='ltr'>est</span> <span class='ocrx_word' id='word_1_37' title='bbox 1081 1082 1273 1168; x_wconf 66' lang='lat' dir='ltr'>humandae,</span> 
     </span>
     <span class='ocr_line' id='line_1_6' title="bbox 176 1202 1278 1289; baseline 0 -19"><span class='ocrx_word' id='word_1_38' title='bbox 176 1206 295 1270; x_wconf 82' lang='lat' dir='ltr'><strong>Aratea</strong></span> <span class='ocrx_word' id='word_1_39' title='bbox 316 1202 434 1268; x_wconf 80' lang='lat' dir='ltr'>eodiois</span> <span class='ocrx_word' id='word_1_40' title='bbox 451 1203 616 1269; x_wconf 83' lang='lat' dir='ltr'>Leidensis</span> <span class='ocrx_word' id='word_1_41' title='bbox 631 1209 670 1272; x_wconf 82' lang='lat'>61</span> <span class='ocrx_word' id='word_1_42' title='bbox 695 1202 751 1288; x_wconf 84' lang='lat' dir='ltr'>(ef.</span> <span class='ocrx_word' id='word_1_43' title='bbox 767 1203 1069 1270; x_wconf 79' lang='lat' dir='ltr'>Bteheler.Petron.</span> <span class='ocrx_word' id='word_1_44' title='bbox 1084 1203 1200 1289; x_wconf 80' lang='lat' dir='ltr'>p.x111)</span> <span class='ocrx_word' id='word_1_45' title='bbox 1224 1203 1278 1270; x_wconf 88' lang='lat' dir='ltr'>de·</span> 
     </span>
     <span class='ocr_line' id='line_1_7' title="bbox 178 1321 1276 1407; baseline 0.002 -19"><span class='ocrx_word' id='word_1_46' title='bbox 178 1323 297 1407; x_wconf 82' lang='lat' dir='ltr'>seripta</span> <span class='ocrx_word' id='word_1_47' title='bbox 323 1342 444 1387; x_wconf 86' lang='lat' dir='ltr'>meeum</span> <span class='ocrx_word' id='word_1_48' title='bbox 473 1321 726 1388; x_wconf 85' lang='lat' dir='ltr'>eornmunioanit.</span> <span class='ocrx_word' id='word_1_49' title='bbox 760 1342 842 1403; x_wconf 87' lang='lat' dir='ltr'>quae</span> <span class='ocrx_word' id='word_1_50' title='bbox 870 1342 941 1389; x_wconf 89' lang='lat' dir='ltr'>eum</span> <span class='ocrx_word' id='word_1_51' title='bbox 968 1322 1012 1388; x_wconf 87' lang='lat' dir='ltr'>ad</span> <span class='ocrx_word' id='word_1_52' title='bbox 1034 1321 1176 1388; x_wconf 78' lang='lat' dir='ltr'><strong>codicem</strong></span> <span class='ocrx_word' id='word_1_53' title='bbox 1197 1321 1276 1390; x_wconf 83' lang='lat' dir='ltr'>infe</span> 
     </span>
     <span class='ocr_line' id='line_1_8' title="bbox 176 1439 771 1525; baseline -0.002 -19"><span class='ocrx_word' id='word_1_54' title='bbox 176 1441 267 1507; x_wconf 81' lang='lat' dir='ltr'>riorin</span> <span class='ocrx_word' id='word_1_55' title='bbox 289 1439 409 1507; x_wconf 81' lang='lat' dir='ltr'>ordinis</span> <span class='ocrx_word' id='word_1_56' title='bbox 430 1441 611 1525; x_wconf 85' lang='lat' dir='ltr'>pertineant</span> <span class='ocrx_word' id='word_1_57' title='bbox 632 1440 771 1523; x_wconf 80' lang='lat' dir='ltr'>neglexi.</span> 
     </span>
    </p>

    <p class='ocr_par' dir='ltr' id='par_1_3' title="bbox 175 1560 1329 1865">
     <span class='ocr_line' id='line_1_9' title="bbox 259 1560 1329 1639; baseline -0.002 -9"><span class='ocrx_word' id='word_1_58' title='bbox 259 1567 289 1630; x_wconf 90' lang='grc'>6.</span> <span class='ocrx_word' id='word_1_59' title='bbox 318 1561 415 1627; x_wconf 72' lang='lat' dir='ltr'>ordea</span> <span class='ocrx_word' id='word_1_60' title='bbox 432 1560 645 1627; x_wconf 75' lang='lat' dir='ltr'>Einn&#39;dianois</span> <span class='ocrx_word' id='word_1_61' title='bbox 666 1586 696 1626; x_wconf 86' lang='lat' dir='ltr'>n.</span> <span class='ocrx_word' id='word_1_62' title='bbox 712 1561 791 1636; x_wconf 84' lang='grc'><em>388,</em></span> <span class='ocrx_word' id='word_1_63' title='bbox 814 1561 1084 1639; x_wconf 81' lang='lat' dir='ltr'>membranaceus,</span> <span class='ocrx_word' id='word_1_64' title='bbox 1107 1560 1192 1628; x_wconf 84' lang='lat' dir='ltr'>foliis</span> <span class='ocrx_word' id='word_1_65' title='bbox 1210 1561 1273 1630; x_wconf 86' lang='lat' dir='ltr'>sor·</span> <span class='ocrx_word' id='word_1_66' title='bbox 1294 1572 1329 1636; x_wconf 81' lang='grc' dir='ltr'><em>Ε</em></span> 
     </span>
     <span class='ocr_line' id='line_1_10' title="bbox 175 1677 1276 1765; baseline 0.005 -22"><span class='ocrx_word' id='word_1_67' title='bbox 175 1698 246 1745; x_wconf 87' lang='lat' dir='ltr'>mae</span> <span class='ocrx_word' id='word_1_68' title='bbox 268 1679 571 1765; x_wconf 86' lang='lat' dir='ltr'>duodeoimplioatae</span> <span class='ocrx_word' id='word_1_69' title='bbox 594 1683 644 1764; x_wconf 88' lang='lat'>22,</span> <span class='ocrx_word' id='word_1_70' title='bbox 668 1678 788 1745; x_wconf 76' lang='lat' dir='ltr'>saeculi</span> <span class='ocrx_word' id='word_1_71' title='bbox 806 1678 854 1745; x_wconf 86' lang='lat' dir='ltr'>XI</span> <span class='ocrx_word' id='word_1_72' title='bbox 875 1677 916 1745; x_wconf 88' lang='lat' dir='ltr'>ef.</span> <span class='ocrx_word' id='word_1_73' title='bbox 933 1680 1033 1746; x_wconf 90' lang='lat' dir='ltr'>Orelli</span> <span class='ocrx_word' id='word_1_74' title='bbox 1046 1701 1077 1764; x_wconf 84' lang='lat' dir='ltr'>p.</span> <span class='ocrx_word' id='word_1_75' title='bbox 1092 1684 1161 1751; x_wconf 83' lang='lat'>140.</span> <span class='ocrx_word' id='word_1_76' title='bbox 1185 1681 1276 1748; x_wconf 81' lang='lat' dir='ltr'>seho-</span> 
     </span>
     <span class='ocr_line' id='line_1_11' title="bbox 175 1798 343 1865; baseline 0.006 -3"><span class='ocrx_word' id='word_1_77' title='bbox 175 1798 226 1865; x_wconf 82' lang='lat' dir='ltr'>liis</span> <span class='ocrx_word' id='word_1_78' title='bbox 248 1803 343 1864; x_wconf 87' lang='lat' dir='ltr'>earet.</span> 
     </span>
    </p>

    <p class='ocr_par' dir='ltr' id='par_1_4' title="bbox 260 1917 795 1985">
     <span class='ocr_line' id='line_1_12' title="bbox 260 1917 795 1985; baseline -0.002 -1"><span class='ocrx_word' id='word_1_79' title='bbox 260 1918 387 1985; x_wconf 73' lang='lat' dir='ltr'>Tertius</span> <span class='ocrx_word' id='word_1_80' title='bbox 407 1917 484 1983; x_wconf 89' lang='lat' dir='ltr'>ordo</span> <span class='ocrx_word' id='word_1_81' title='bbox 508 1917 650 1983; x_wconf 87' lang='lat' dir='ltr'>oodioom</span> <span class='ocrx_word' id='word_1_82' title='bbox 672 1918 725 1983; x_wconf 90' lang='lat' dir='ltr'>hio</span> <span class='ocrx_word' id='word_1_83' title='bbox 746 1923 795 1984; x_wconf 80' lang='lat' dir='ltr'>est</span> 
     </span>
    </p>

    <p class='ocr_par' dir='ltr' id='par_1_5' title="bbox 174 2036 1333 2478">
     <span class='ocr_line' id='line_1_13' title="bbox 243 2036 1333 2137; baseline -0.003 -30"><span class='ocrx_word' id='word_1_84' title='bbox 243 2044 290 2137; x_wconf 75' lang='grc' dir='ltr'>Ι7.</span> <span class='ocrx_word' id='word_1_85' title='bbox 323 2038 419 2104; x_wconf 72' lang='lat' dir='ltr'>codem</span> <span class='ocrx_word' id='word_1_86' title='bbox 440 2036 642 2105; x_wconf 76' lang='lat' dir='ltr'>Stroazianno</span> <span class='ocrx_word' id='word_1_87' title='bbox 656 2039 771 2105; x_wconf 88' lang='lat' dir='ltr'><em>XLVI</em></span> <span class='ocrx_word' id='word_1_88' title='bbox 790 2037 1002 2104; x_wconf 76' lang='lat' dir='ltr'>bibliothecae</span> <span class='ocrx_word' id='word_1_89' title='bbox 1016 2039 1114 2123; x_wconf 85' lang='lat' dir='ltr'>Leop.</span> <span class='ocrx_word' id='word_1_90' title='bbox 1130 2039 1271 2106; x_wconf 85' lang='lat' dir='ltr'>Lauren·</span> <span class='ocrx_word' id='word_1_91' title='bbox 1297 2053 1333 2121; x_wconf 73' lang='lat' dir='ltr'>S·</span> 
     </span>
     <span class='ocr_line' id='line_1_14' title="bbox 176 2154 1273 2244; baseline 0 -21"><span class='ocrx_word' id='word_1_92' title='bbox 176 2159 283 2224; x_wconf 85' lang='lat' dir='ltr'>tianae</span> <span class='ocrx_word' id='word_1_93' title='bbox 304 2156 507 2223; x_wconf 82' lang='lat' dir='ltr'>Florentinae</span> <span class='ocrx_word' id='word_1_94' title='bbox 532 2154 583 2242; x_wconf 84' lang='lat' dir='ltr'>[of.</span> <span class='ocrx_word' id='word_1_95' title='bbox 600 2155 737 2220; x_wconf 89' lang='lat' dir='ltr'>Bandini</span> <span class='ocrx_word' id='word_1_96' title='bbox 758 2155 834 2222; x_wconf 87' lang='lat' dir='ltr'><strong>bibl.</strong></span> <span class='ocrx_word' id='word_1_97' title='bbox 850 2158 948 2241; x_wconf 90' lang='lat' dir='ltr'>Leop.</span> <span class='ocrx_word' id='word_1_98' title='bbox 965 2158 1061 2222; x_wconf 87' lang='lat' dir='ltr'>Laur.</span> <span class='ocrx_word' id='word_1_99' title='bbox 1083 2162 1104 2222; x_wconf 87' lang='lat' dir='ltr'>t.</span> <span class='ocrx_word' id='word_1_100' title='bbox 1119 2159 1149 2223; x_wconf 90' lang='lat'>11</span> <span class='ocrx_word' id='word_1_101' title='bbox 1165 2180 1196 2244; x_wconf 86' lang='lat' dir='ltr'>p.</span> <span class='ocrx_word' id='word_1_102' title='bbox 1209 2166 1273 2231; x_wconf 86' lang='lat'>384</span> 
     </span>
     <span class='ocr_line' id='line_1_15' title="bbox 174 2274 1273 2365; baseline 0.001 -21"><span class='ocrx_word' id='word_1_103' title='bbox 174 2277 266 2365; x_wconf 84' lang='lat' dir='ltr'>eqq.]‚</span> <span class='ocrx_word' id='word_1_104' title='bbox 289 2276 558 2353; x_wconf 77' lang='lat' dir='ltr'>membranaceus,</span> <span class='ocrx_word' id='word_1_105' title='bbox 582 2276 739 2356; x_wconf 88' lang='lat' dir='ltr'>quadrata</span> <span class='ocrx_word' id='word_1_106' title='bbox 754 2274 857 2340; x_wconf 88' lang='lat' dir='ltr'>forma</span> <span class='ocrx_word' id='word_1_107' title='bbox 875 2275 1006 2361; x_wconf 83' lang='lat' dir='ltr'>minore,</span> <span class='ocrx_word' id='word_1_108' title='bbox 1029 2275 1115 2343; x_wconf 85' lang='lat' dir='ltr'>foliis</span> <span class='ocrx_word' id='word_1_109' title='bbox 1130 2283 1181 2363; x_wconf 86' lang='lat'>62,</span> <span class='ocrx_word' id='word_1_110' title='bbox 1205 2299 1273 2345; x_wconf 83' lang='lat' dir='ltr'>sae·</span> 
     </span>
     <span class='ocr_line' id='line_1_16' title="bbox 175 2393 1008 2478; baseline -0.004 -17"><span class='ocrx_word' id='word_1_111' title='bbox 175 2396 238 2461; x_wconf 90' lang='lat' dir='ltr'>euli</span> <span class='ocrx_word' id='word_1_112' title='bbox 258 2395 361 2461; x_wconf 88' lang='lat' dir='ltr'>XIIII.</span> <span class='ocrx_word' id='word_1_113' title='bbox 391 2395 434 2461; x_wconf 88' lang='lat' dir='ltr'>ab</span> <span class='ocrx_word' id='word_1_114' title='bbox 455 2393 585 2461; x_wconf 86' lang='lat' dir='ltr'>Hertzio</span> <span class='ocrx_word' id='word_1_115' title='bbox 608 2393 763 2459; x_wconf 78' lang='lat' dir='ltr'>conlatus.</span> <span class='ocrx_word' id='word_1_116' title='bbox 793 2393 903 2478; x_wconf 77' lang='lat' dir='ltr'>incipit</span> <span class='ocrx_word' id='word_1_117' title='bbox 923 2395 1008 2461; x_wconf 80' lang='lat' dir='ltr'>ioLI</span> 
     </span>
    </p>
   </div>
   <div class='ocr_carea' id='block_1_3' title="bbox 146 2512 1241 2600">
    <p class='ocr_par' dir='ltr' id='par_1_6' title="bbox 146 2512 1241 2600">
     <span class='ocr_line' id='line_1_17' title="bbox 146 2512 1241 2600; baseline -0.001 -19"><span class='ocrx_word' id='word_1_118' title='bbox 146 2562 148 2565; x_wconf 93' lang='lat'>-</span> <span class='ocrx_word' id='word_1_119' title='bbox 216 2517 293 2581; x_wconf 85' lang='lat' dir='ltr'>Item</span> <span class='ocrx_word' id='word_1_120' title='bbox 315 2540 427 2580; x_wconf 75' lang='lat' dir='ltr'>aeman</span> <span class='ocrx_word' id='word_1_121' title='bbox 448 2515 487 2580; x_wconf 81' lang='lat' dir='ltr'>de</span> <span class='ocrx_word' id='word_1_122' title='bbox 509 2538 591 2578; x_wconf 86' lang='lat' dir='ltr'>anno</span> <span class='ocrx_word' id='word_1_123' title='bbox 613 2514 715 2578; x_wconf 82' lang='lat' dir='ltr'>solari</span> <span class='ocrx_word' id='word_1_124' title='bbox 733 2538 788 2578; x_wconf 78' lang='lat' dir='ltr'>sen</span> <span class='ocrx_word' id='word_1_125' title='bbox 811 2512 848 2578; x_wconf 82' lang='lat' dir='ltr'>de</span> <span class='ocrx_word' id='word_1_126' title='bbox 870 2515 1068 2600; x_wconf 70' lang='lat' dir='ltr'>nequioribus</span> <span class='ocrx_word' id='word_1_127' title='bbox 1089 2518 1241 2581; x_wconf 75' lang='lat' dir='ltr'>mensium</span> 
     </span>
    </p>
   </div>
   <div class='ocr_carea' id='block_1_4' title="bbox 176 2617 1272 2834">
    <p class='ocr_par' dir='ltr' id='par_1_7' title="bbox 176 2617 1272 2834">
     <span class='ocr_line' id='line_1_18' title="bbox 216 2617 1228 2720; baseline -0.004 -20"><span class='ocrx_word' id='word_1_128' title='bbox 216 2636 282 2700; x_wconf 84' lang='lat' dir='ltr'>Neo</span> <span class='ocrx_word' id='word_1_129' title='bbox 303 2647 372 2699; x_wconf 82' lang='lat' dir='ltr'>roto</span> <span class='ocrx_word' id='word_1_130' title='bbox 389 2658 414 2719; x_wconf 69' lang='lat' dir='ltr'><em>p</em></span> <span class='ocrx_word' id='word_1_131' title='bbox 434 2635 550 2720; x_wconf 67' lang='lat' dir='ltr'>qimam.</span> <span class='ocrx_word' id='word_1_132' title='bbox 574 2657 668 2717; x_wconf 82' lang='lat' dir='ltr'>qnam</span> <span class='ocrx_word' id='word_1_133' title='bbox 690 2617 794 2695; x_wconf 75' lang='lat' dir='ltr'>tradii</span> <span class='ocrx_word' id='word_1_134' title='bbox 807 2632 949 2695; x_wconf 75' lang='lat' dir='ltr'>machine</span> <span class='ocrx_word' id='word_1_135' title='bbox 972 2631 1093 2717; x_wconf 71' lang='lat' dir='ltr'>lympha</span> <span class='ocrx_word' id='word_1_136' title='bbox 1115 2636 1228 2697; x_wconf 77' lang='lat' dir='ltr'>cetera.</span> 
     </span>
     <span class='ocr_line' id='line_1_19' title="bbox 176 2746 1272 2834; baseline -0.003 -15"><span class='ocrx_word' id='word_1_137' title='bbox 176 2754 216 2819; x_wconf 90' lang='lat' dir='ltr'>de</span> <span class='ocrx_word' id='word_1_138' title='bbox 238 2752 354 2834; x_wconf 80' lang='lat' dir='ltr'>quibua</span> <span class='ocrx_word' id='word_1_139' title='bbox 375 2749 522 2823; x_wconf 77' lang='lat' dir='ltr'>uersibus</span> <span class='ocrx_word' id='word_1_140' title='bbox 544 2749 646 2815; x_wconf 87' lang='lat' dir='ltr'>adeas</span> <span class='ocrx_word' id='word_1_141' title='bbox 667 2746 857 2812; x_wconf 87' lang='lat' dir='ltr'>Bandinium</span> <span class='ocrx_word' id='word_1_142' title='bbox 879 2747 899 2811; x_wconf 90' lang='lat' dir='ltr'>l.</span> <span class='ocrx_word' id='word_1_143' title='bbox 916 2747 936 2811; x_wconf 88' lang='lat'>1.</span> <span class='ocrx_word' id='word_1_144' title='bbox 981 2747 1036 2814; x_wconf 82' lang='lat' dir='ltr'>fol.</span> <span class='ocrx_word' id='word_1_145' title='bbox 1052 2751 1085 2815; x_wconf 93' lang='grc' dir='ltr'>Π</span> <span class='ocrx_word' id='word_1_146' title='bbox 1099 2770 1151 2817; x_wconf 91' lang='lat' dir='ltr'>au.</span> <span class='ocrx_word' id='word_1_147' title='bbox 1174 2751 1272 2817; x_wconf 87' lang='lat' dir='ltr'>oonti·</span> 
     </span>
    </p>
   </div>
   <div class='ocr_carea' id='block_1_5' title="bbox 175 2868 843 3081">
    <p class='ocr_par' dir='ltr' id='par_1_8' title="bbox 175 2868 843 3081">
     <span class='ocr_line' id='line_1_20' title="bbox 175 2868 329 2936; baseline 0.006 -2"><span class='ocrx_word' id='word_1_148' title='bbox 175 2875 229 2935; x_wconf 88' lang='lat' dir='ltr'>net</span> <span class='ocrx_word' id='word_1_149' title='bbox 248 2868 329 2936; x_wconf 88' lang='lat' dir='ltr'>haee</span> 
     </span>
     <span class='ocr_line' id='line_1_21' title="bbox 384 2985 843 3081; baseline -0.004 -29"><span class='ocrx_word' id='word_1_150' title='bbox 384 2987 478 3053; x_wconf 76' lang='lat' dir='ltr'>Verei</span> <span class='ocrx_word' id='word_1_151' title='bbox 496 2987 580 3073; x_wconf 70' lang='lat' dir='ltr'>eyoli</span> <span class='ocrx_word' id='word_1_152' title='bbox 598 2985 679 3050; x_wconf 83' lang='lat' dir='ltr'>anni</span> <span class='ocrx_word' id='word_1_153' title='bbox 697 2988 843 3081; x_wconf 71' lang='lat' dir='ltr'>uenalia</span> 
     </span>
    </p>
   </div>
   <div class='ocr_carea' id='block_1_6' title="bbox 133 3106 1385 4264">
    <p class='ocr_par' dir='ltr' id='par_1_9' title="bbox 158 3106 1272 3412">
     <span class='ocr_line' id='line_1_22' title="bbox 175 3106 1272 3192; baseline 0.004 -21"><span class='ocrx_word' id='word_1_154' title='bbox 175 3108 277 3173; x_wconf 85' lang='lat' dir='ltr'>Linea</span> <span class='ocrx_word' id='word_1_155' title='bbox 291 3106 362 3192; x_wconf 68' lang='grc' dir='ltr'>Χῇε</span> <span class='ocrx_word' id='word_1_156' title='bbox 383 3118 460 3171; x_wconf 76' lang='lat' dir='ltr'>taos.</span> <span class='ocrx_word' id='word_1_157' title='bbox 480 3106 587 3191; x_wconf 78' lang='lat' dir='ltr'>primo</span> <span class='ocrx_word' id='word_1_158' title='bbox 610 3109 628 3170; x_wconf 78' lang='grc' dir='ltr'>’ὁ</span> <span class='ocrx_word' id='word_1_159' title='bbox 647 3129 728 3191; x_wconf 80' lang='lat' dir='ltr'>qnae</span> <span class='ocrx_word' id='word_1_160' title='bbox 745 3108 877 3172; x_wconf 77' lang='lat' dir='ltr'>eontinet</span> <span class='ocrx_word' id='word_1_161' title='bbox 891 3130 989 3172; x_wconf 75' lang='lat' dir='ltr'>annos</span> <span class='ocrx_word' id='word_1_162' title='bbox 1011 3126 1038 3171; x_wconf 87' lang='lat' dir='ltr'>e.</span> <span class='ocrx_word' id='word_1_163' title='bbox 1055 3128 1085 3190; x_wconf 90' lang='lat' dir='ltr'>q.</span> <span class='ocrx_word' id='word_1_164' title='bbox 1102 3127 1127 3173; x_wconf 75' lang='lat' dir='ltr'>a.</span> <span class='ocrx_word' id='word_1_165' title='bbox 1143 3108 1272 3176; x_wconf 79' lang='lat' dir='ltr'>ultimus</span> 
     </span>
     <span class='ocr_line' id='line_1_23' title="bbox 158 3219 431 3291; baseline -0.011 0"><span class='ocrx_word' id='word_1_166' title='bbox 158 3219 288 3291; x_wconf 78' lang='lat' dir='ltr'>&#39;uersus</span> <span class='ocrx_word' id='word_1_167' title='bbox 308 3222 359 3288; x_wconf 90' lang='lat' dir='ltr'>hio</span> <span class='ocrx_word' id='word_1_168' title='bbox 381 3227 431 3288; x_wconf 80' lang='lat' dir='ltr'>eet</span> 
     </span>
     <span class='ocr_line' id='line_1_24' title="bbox 300 3343 1012 3412; baseline 0.001 -4"><span class='ocrx_word' id='word_1_169' title='bbox 300 3357 429 3409; x_wconf 80' lang='lat' dir='ltr'>oetatem</span> <span class='ocrx_word' id='word_1_170' title='bbox 450 3343 523 3412; x_wconf 76' lang='lat' dir='ltr'>tana</span> <span class='ocrx_word' id='word_1_171' title='bbox 544 3356 694 3407; x_wconf 73' lang='lat' dir='ltr'>monstrat</span> <span class='ocrx_word' id='word_1_172' title='bbox 715 3345 905 3408; x_wconf 67' lang='lat' dir='ltr'>manaimus</span> <span class='ocrx_word' id='word_1_173' title='bbox 927 3346 1012 3410; x_wconf 84' lang='lat' dir='ltr'>ordo.</span> 
     </span>
    </p>

    <p class='ocr_par' dir='ltr' id='par_1_10' title="bbox 173 3458 1271 3784">
     <span class='ocr_line' id='line_1_25' title="bbox 175 3458 1271 3553; baseline 0.005 -25"><span class='ocrx_word' id='word_1_174' title='bbox 175 3462 317 3545; x_wconf 83' lang='lat' dir='ltr'>sequitur</span> <span class='ocrx_word' id='word_1_175' title='bbox 337 3479 439 3545; x_wconf 80' lang='lat' dir='ltr'>usque</span> <span class='ocrx_word' id='word_1_176' title='bbox 461 3458 503 3524; x_wconf 86' lang='lat' dir='ltr'>ad</span> <span class='ocrx_word' id='word_1_177' title='bbox 524 3458 636 3532; x_wconf 84' lang='lat' dir='ltr'>folium</span> <span class='ocrx_word' id='word_1_178' title='bbox 661 3465 700 3529; x_wconf 89' lang='lat'>12</span> <span class='ocrx_word' id='word_1_179' title='bbox 722 3481 872 3527; x_wconf 82' lang='lat' dir='ltr'>auersum</span> <span class='ocrx_word' id='word_1_180' title='bbox 894 3464 994 3528; x_wconf 77' lang='lat' dir='ltr'>Arati</span> <span class='ocrx_word' id='word_1_181' title='bbox 1008 3488 1107 3550; x_wconf 65' lang='lat' dir='ltr'>oenus</span> <span class='ocrx_word' id='word_1_182' title='bbox 1135 3463 1191 3553; x_wconf 90' lang='lat' dir='ltr'>[of.</span> <span class='ocrx_word' id='word_1_183' title='bbox 1215 3467 1271 3534; x_wconf 87' lang='lat' dir='ltr'>Su-</span> 
     </span>
     <span class='ocr_line' id='line_1_26' title="bbox 173 3579 1270 3668; baseline 0.007 -23"><span class='ocrx_word' id='word_1_184' title='bbox 173 3583 291 3667; x_wconf 83' lang='lat' dir='ltr'>ringar.</span> <span class='ocrx_word' id='word_1_185' title='bbox 314 3601 421 3665; x_wconf 79' lang='lat' dir='ltr'>progr.</span> <span class='ocrx_word' id='word_1_186' title='bbox 436 3579 614 3646; x_wconf 83' lang='lat' dir='ltr'>soholastio.</span> <span class='ocrx_word' id='word_1_187' title='bbox 631 3580 779 3647; x_wconf 83' lang='lat' dir='ltr'>Leidens.</span> <span class='ocrx_word' id='word_1_188' title='bbox 796 3601 825 3645; x_wconf 88' lang='lat' dir='ltr'>a.</span> <span class='ocrx_word' id='word_1_189' title='bbox 846 3585 925 3650; x_wconf 84' lang='lat'><strong>1842</strong></span> <span class='ocrx_word' id='word_1_190' title='bbox 941 3601 971 3663; x_wconf 91' lang='lat' dir='ltr'>p.</span> <span class='ocrx_word' id='word_1_191' title='bbox 985 3579 1027 3668; x_wconf 87' lang='lat'>9],</span> <span class='ocrx_word' id='word_1_192' title='bbox 1050 3583 1136 3664; x_wconf 91' lang='lat' dir='ltr'>quod</span> <span class='ocrx_word' id='word_1_193' title='bbox 1158 3586 1270 3653; x_wconf 86' lang='lat' dir='ltr'>eadem</span> 
     </span>
     <span class='ocr_line' id='line_1_27' title="bbox 173 3678 660 3784; baseline 0.002 -21"><span class='ocrx_word' id='word_1_194' title='bbox 173 3678 242 3766; x_wconf 84' lang='lat' dir='ltr'>folii</span> <span class='ocrx_word' id='word_1_195' title='bbox 262 3699 380 3784; x_wconf 79' lang='lat' dir='ltr'>pagina</span> <span class='ocrx_word' id='word_1_196' title='bbox 402 3700 563 3783; x_wconf 80' lang='lat' dir='ltr'>excipiunt</span> <span class='ocrx_word' id='word_1_197' title='bbox 580 3699 660 3764; x_wconf 85' lang='lat' dir='ltr'>haee</span> 
     </span>
    </p>

    <p class='ocr_par' dir='ltr' id='par_1_11' title="bbox 133 3818 1385 4264">
     <span class='ocr_line' id='line_1_28' title="bbox 259 3818 1271 3907; baseline 0.006 -22"><span class='ocrx_word' id='word_1_198' title='bbox 259 3821 293 3884; x_wconf 87' lang='grc' dir='ltr'>Τ.</span> <span class='ocrx_word' id='word_1_199' title='bbox 318 3820 451 3885; x_wconf 77' lang='lat' dir='ltr'>Claudii</span> <span class='ocrx_word' id='word_1_200' title='bbox 468 3821 609 3885; x_wconf 81' lang='lat' dir='ltr'>eaeeom‘o</span> <span class='ocrx_word' id='word_1_201' title='bbox 631 3819 722 3883; x_wconf 78' lang='lat' dir='ltr'>orati</span> <span class='ocrx_word' id='word_1_202' title='bbox 740 3818 948 3903; x_wconf 78' lang='lat' dir='ltr'>phenomenia</span> <span class='ocrx_word' id='word_1_203' title='bbox 969 3820 1087 3906; x_wconf 52' lang='lat' dir='ltr'>Incipit</span> <span class='ocrx_word' id='word_1_204' title='bbox 1097 3819 1114 3891; x_wconf 73' lang='lat' dir='ltr'>i</span> <span class='ocrx_word' id='word_1_205' title='bbox 1116 3822 1271 3907; x_wconf 79' lang='lat' dir='ltr'>feliciter.</span> 
     </span>
     <span class='ocr_line' id='line_1_29' title="bbox 173 3937 1083 4024; baseline 0.001 -21"><span class='ocrx_word' id='word_1_206' title='bbox 173 3939 252 4003; x_wconf 82' lang='lat' dir='ltr'>Item</span> <span class='ocrx_word' id='word_1_207' title='bbox 273 3938 311 4003; x_wconf 85' lang='lat' dir='ltr'>de</span> <span class='ocrx_word' id='word_1_208' title='bbox 333 3940 563 4024; x_wconf 58' lang='lat' dir='ltr'>compositione</span> <span class='ocrx_word' id='word_1_209' title='bbox 585 3952 613 4004; x_wconf 82' lang='lat' dir='ltr'>et</span> <span class='ocrx_word' id='word_1_210' title='bbox 635 3940 733 4023; x_wconf 77' lang='lat' dir='ltr'>quinq</span> <span class='ocrx_word' id='word_1_211' title='bbox 739 3963 750 4021; x_wconf 84' lang='lat'><em>;</em></span> <span class='ocrx_word' id='word_1_212' title='bbox 771 3937 1050 4007; x_wconf 73' lang='lat' dir='ltr'>oiraan&#39;simondo&#39;</span> <span class='ocrx_word' id='word_1_213' title='bbox 1057 3939 1083 4010; x_wconf 73' lang='lat' dir='ltr'>i.</span> 
     </span>
     <span class='ocr_line' id='line_1_30' title="bbox 133 4054 1272 4148; baseline 0.009 -27"><span class='ocrx_word' id='word_1_214' title='bbox 133 4140 135 4145; x_wconf 16' lang='grc' dir='ltr'><strong><em>Δ</em></strong></span> <span class='ocrx_word' id='word_1_215' title='bbox 173 4056 217 4122; x_wconf 86' lang='lat' dir='ltr'>ad</span> <span class='ocrx_word' id='word_1_216' title='bbox 243 4057 419 4140; x_wconf 81' lang='lat' dir='ltr'>marginem</span> <span class='ocrx_word' id='word_1_217' title='bbox 446 4076 560 4123; x_wconf 84' lang='lat' dir='ltr'>manus</span> <span class='ocrx_word' id='word_1_218' title='bbox 586 4054 708 4122; x_wconf 81' lang='lat' dir='ltr'>saeouli</span> <span class='ocrx_word' id='word_1_219' title='bbox 729 4054 791 4121; x_wconf 86' lang='lat' dir='ltr'>XV</span> <span class='ocrx_word' id='word_1_220' title='bbox 812 4057 936 4122; x_wconf 83' lang='lat' dir='ltr'>notauit</span> <span class='ocrx_word' id='word_1_221' title='bbox 961 4059 1079 4128; x_wconf 79' lang='lat' dir='ltr'>Inueni</span> <span class='ocrx_word' id='word_1_222' title='bbox 1102 4062 1156 4148; x_wconf 83' lang='lat' dir='ltr'>qd&#39;</span> <span class='ocrx_word' id='word_1_223' title='bbox 1178 4065 1272 4130; x_wconf 75' lang='lat' dir='ltr'>noim</span> 
     </span>
     <span class='ocr_line' id='line_1_31' title="bbox 174 4165 1385 4264; baseline 0.007 -23"><span class='ocrx_word' id='word_1_224' title='bbox 174 4178 275 4243; x_wconf 66' lang='lat' dir='ltr'>nielli</span> <span class='ocrx_word' id='word_1_225' title='bbox 301 4192 392 4243; x_wconf 81' lang='lat' dir='ltr'>antor</span> <span class='ocrx_word' id='word_1_226' title='bbox 415 4178 488 4263; x_wconf 81' lang='lat' dir='ltr'>fait</span> <span class='ocrx_word' id='word_1_227' title='bbox 518 4178 614 4243; x_wconf 73' lang='lat' dir='ltr'>Oneon</span> <span class='ocrx_word' id='word_1_228' title='bbox 646 4178 855 4264; x_wconf 71' lang='lat' dir='ltr'>qermonieno.</span> <span class='ocrx_word' id='word_1_229' title='bbox 901 4190 930 4242; x_wconf 84' lang='lat' dir='ltr'>et</span> <span class='ocrx_word' id='word_1_230' title='bbox 957 4178 1074 4244; x_wconf 79' lang='lat' dir='ltr'>dicitnr</span> <span class='ocrx_word' id='word_1_231' title='bbox 1109 4184 1271 4249; x_wconf 78' lang='lat' dir='ltr'>arathenm</span> <span class='ocrx_word' id='word_1_232' title='bbox 1298 4165 1303 4175; x_wconf 39' lang='lat'><strong><em>¹</em></strong></span> <span class='ocrx_word' id='word_1_233' title='bbox 1382 4198 1385 4203; x_wconf 80' lang='grc'><em>’</em></span> 
     </span>
    </p>
   </div>
   <div class='ocr_carea' id='block_1_7' title="bbox 61 4295 1271 4391">
    <p class='ocr_par' dir='ltr' id='par_1_12' title="bbox 61 4295 1271 4391">
     <span class='ocr_line' id='line_1_32' title="bbox 61 4295 1271 4391; baseline 0.004 -32"><span class='ocrx_word' id='word_1_234' title='bbox 61 4322 65 4331; x_wconf 71' lang='grc'><em>’</em></span> <span class='ocrx_word' id='word_1_235' title='bbox 174 4300 269 4360; x_wconf 75' lang='lat' dir='ltr'>earm.</span> <span class='ocrx_word' id='word_1_236' title='bbox 292 4295 343 4360; x_wconf 81' lang='lat' dir='ltr'>hie</span> <span class='ocrx_word' id='word_1_237' title='bbox 366 4295 431 4360; x_wconf 85' lang='lat' dir='ltr'>alia</span> <span class='ocrx_word' id='word_1_238' title='bbox 452 4314 566 4359; x_wconf 81' lang='lat' dir='ltr'>manus</span> <span class='ocrx_word' id='word_1_239' title='bbox 589 4295 733 4377; x_wconf 79' lang='lat' dir='ltr'>aequalis</span> <span class='ocrx_word' id='word_1_240' title='bbox 755 4295 879 4360; x_wconf 84' lang='lat' dir='ltr'>addidit</span> <span class='ocrx_word' id='word_1_241' title='bbox 900 4298 984 4361; x_wconf 77' lang='lat' dir='ltr'>teatio</span> <span class='ocrx_word' id='word_1_242' title='bbox 999 4298 1186 4391; x_wconf 70' lang='lat' dir='ltr'>Lactantius</span> <span class='ocrx_word' id='word_1_243' title='bbox 1200 4302 1271 4366; x_wconf 71' lang='lat' dir='ltr'>dir-</span> 
     </span>
    </p>
   </div>
   <div class='ocr_carea' id='block_1_8' title="bbox 174 4394 1272 4587">
    <p class='ocr_par' dir='ltr' id='par_1_13' title="bbox 174 4394 1272 4587">
     <span class='ocr_line' id='line_1_33' title="bbox 174 4394 1272 4515; baseline 0.004 -35"><span class='ocrx_word' id='word_1_244' title='bbox 174 4416 300 4480; x_wconf 63' lang='lat' dir='ltr'>maana</span> <span class='ocrx_word' id='word_1_245' title='bbox 313 4464 320 4478; x_wconf 93' lang='lat'><strong>.</strong></span> <span class='ocrx_word' id='word_1_246' title='bbox 333 4404 558 4500; x_wconf 59' lang='lat' dir='ltr'>nifrana.</span> <span class='ocrx_word' id='word_1_247' title='bbox 573 4416 789 4481; x_wconf 64' lang='lat' dir='ltr'>innan.</span> <span class='ocrx_word' id='word_1_248' title='bbox 804 4416 844 4480; x_wconf 84' lang='lat' dir='ltr'>V.</span> <span class='ocrx_word' id='word_1_249' title='bbox 858 4401 889 4478; x_wconf 76' lang='lat' dir='ltr'>t.</span> <span class='ocrx_word' id='word_1_250' title='bbox 904 4415 936 4479; x_wconf 82' lang='lat' dir='ltr'>V.</span> <span class='ocrx_word' id='word_1_251' title='bbox 959 4413 1008 4497; x_wconf 79' lang='lat' dir='ltr'>(ro</span> <span class='ocrx_word' id='word_1_252' title='bbox 1029 4422 1077 4515; x_wconf 71' lang='lat' dir='ltr'>est</span> <span class='ocrx_word' id='word_1_253' title='bbox 1098 4394 1272 4484; x_wconf 64' lang='lat' dir='ltr'>naonnt&#39;n</span> 
     </span>
     <span class='ocr_line' id='line_1_34' title="bbox 1022 4534 1071 4587; baseline 0 -20"><span class='ocrx_word' id='word_1_254' title='bbox 1022 4534 1071 4587; x_wconf 62' lang='lat' dir='ltr'>a*</span> 
     </span>
    </p>
   </div>
   <div class='ocr_carea' id='block_1_9' title="bbox 0 0 1630 5204">
    <p class='ocr_par' dir='ltr' id='par_1_14' title="bbox 0 0 1630 5204">
     <span class='ocr_line' id='line_1_35' title="bbox 0 0 1630 5204; baseline 0 0"><span class='ocrx_word' id='word_1_255' title='bbox 0 0 1630 5204; x_wconf 95' lang='lat' dir='ltr'> </span> 
     </span>
    </p>
   </div>
  </div>
 </body>
</html>
