3202 5200
754 469 989 534 -216-

281 646 307 715 S
319 642 404 720 uias;
420 649 508 709 ‚cuin
532 636 706 703 occidentis
728 642 784 701 aut
807 636 937 702 orientis
960 637 1043 701 radii
1064 635 1213 701 uidentur
1236 639 1338 717 coire,
1362 640 1434 723 plu'·

320 751 400 814 uias.
424 749 454 814 si
475 749 559 813 circa
574 746 772 812 occidentem
786 746 960 811 rubescunt
983 747 1093 824 nubes,
1117 747 1321 814 serenitatem
1336 747 1434 814 futuri

322 859 383 923 diei
400 856 567 942 spondent.
591 854 618 918 si
634 855 666 918 in
682 859 793 920 exortu
808 861 1001 939 spargentur
1013 854 1094 918 radii
1108 856 1224 939 partim
1239 858 1281 922 ad
1293 863 1433 922 austrum

321 964 435 1051 partim
466 966 510 1032 ad
537 964 737 1048 aquilonem,
775 984 854 1046 pura
883 964 968 1030 circa
995 984 1066 1030 eum
1095 967 1254 1032 serenitas
1282 968 1324 1032 sit
1349 967 1434 1051 licet,

297 1076 465 1162 spluuiam
493 1082 600 1140 timon
629 1078 807 1155 uentosque
835 1073 1076 1158 significabunt3
1110 1075 1138 1139 si
1164 1075 1199 1139 in
1226 1082 1297 1141 ortu
1324 1078 1435 1142 autin

324 1206 440 1252 occasu
464 1182 618 1250 contracti
640 1188 810 1248 cernuntur
832 1183 923 1258 radii,
945 1183 1088 1248 imbrem.
1123 1184 1149 1248 si
1171 1185 1204 1248 in
1227 1205 1342 1251 occasu
1365 1188 1436 1252 eius

322 1296 412 1380 pluet
434 1301 490 1360 aut
512 1292 593 1357 radii
616 1292 733 1357 nubem
755 1292 789 1355 in
812 1310 848 1357 se
870 1291 1009 1368 trahent,
1032 1311 1178 1375 asperam
1201 1293 1235 1358 in
1256 1295 1436 1377 proximum

324 1404 411 1470 diem
434 1407 653 1485 tempestatem
676 1399 910 1484 significabunt.
934 1421 1006 1466 oum
1029 1401 1150 1468 oriente
1172 1401 1253 1468 radii
1278 1422 1344 1468 non
1366 1404 1436 1468 illu-

326 1517 408 1577 stres
431 1510 628 1588 emmenum,
652 1510 798 1591 quamuis
821 1509 1035 1576 circumdatae
1057 1510 1160 1576 nubes
1182 1532 1246 1577 non
1267 1513 1343 1598 sint,
1367 1514 1438 1598 plu-

289 1652 313 1688 ro
325 1621 411 1686 uiam
426 1620 625 1704 portenderit.
649 1619 677 1683 si
692 1623 766 1683 ante
782 1624 926 1683 exortum
944 1621 1047 1686 nubes
1062 1621 1285 1704 globabuntur,
1301 1622 1438 1689 hiemem

325 1750 475 1814 asperam
498 1729 744 1805 denuntiabunt;
769 1728 795 1792 si
819 1729 860 1793 ab
884 1733 954 1793 ortu
976 1729 1171 1813 repellentur
1186 1730 1274 1797 etad
1288 1751 1437 1798 occasum

325 1839 467 1917 abibunt,
491 1838 704 1905 serenitatem.
729 1837 756 1902 si
779 1838 881 1902 nubes
904 1838 1005 1903 solem
1029 1839 1293 1918 circumcludant,
1317 1849 1438 1923 quanto

326 1948 433 2012 minus
454 1948 583 2013 luminis
607 1945 799 2029 relinquent,
822 1953 910 2012 tanto
932 1948 1089 2014 turbidior
1110 1955 1285 2033 tempestas
1307 1950 1380 2028 erit,
1409 1950 1439 2014 si

327 2078 405 2123 uero
428 2058 523 2122 etiam
546 2055 664 2139 duplex
687 2054 782 2120 fuerit
804 2056 900 2133 orbis,
923 2076 962 2122 eo
985 2058 1132 2123 atrocior.
1170 2059 1256 2141 quod
1278 2059 1306 2124 si
1327 2059 1361 2122 in
1382 2078 1439 2124 cx-

292 2197 314 2233 u
328 2174 399 2231 ortu
414 2174 468 2231 aut
483 2166 516 2229 in
532 2184 647 2230 occasu
662 2164 718 2230 liet
732 2164 779 2230 ita
795 2171 828 2229 ut
850 2167 1020 2232 rubescant
1042 2166 1154 2243 nubes,
1178 2168 1316 2232 maxima
1331 2174 1439 2233 osten·

329 2278 421 2342 detur
441 2280 624 2358 tempestas.
648 2273 676 2339 si
699 2295 762 2340 non
778 2276 944 2341 ambibunt
959 2276 1017 2343 sed
1038 2275 1230 2360 incumbent,
1253 2297 1439 2359 aquocum-

328 2406 390 2469 que
406 2389 502 2450 uento
519 2383 645 2467 fuerint,
670 2403 741 2449 eum
759 2385 959 2470 portenderit.
984 2387 1011 2452 si
1027 2385 1175 2452 exoriens
1192 2386 1335 2471 cingetur
1350 2387 1438 2463 orbe,

329 2517 368 2561 ex
391 2515 455 2578 qua
476 2498 568 2578 parte
590 2493 617 2557 is
641 2511 676 2558 se
700 2494 832 2576 ruperit,
857 2501 1044 2580 expectetur
1066 2501 1190 2560 uentus.
1225 2497 1252 2560 si
1275 2476 1359 2561 totus
1381 2495 1440 2561 de-

328 2605 454 2671 fluxerit
476 2601 662 2685 aequaliter,
686 2604 891 2670 serenitatem
914 2604 1013 2670 dabit.
1038 2607 1064 2671 si
1086 2605 1119 2670 in
1142 2612 1254 2671 exortu
1270 2606 1365 2686 longe
1387 2626 1440 2669 ra-

289 2715 399 2780 ndios
421 2734 480 2797 per
502 2713 605 2777 nubes
626 2713 768 2796 porriget
791 2721 821 2779 et
843 2715 968 2782 medius
991 2718 1050 2783 erit
1071 2718 1186 2796 inanis,
1209 2717 1352 2803 pluuiam
1373 2715 1441 2799 sig-

327 2823 477 2888 nificabit.
499 2822 528 2887 si
544 2828 618 2887 ante
641 2828 743 2888 ortum
765 2825 846 2890 radii
868 2846 904 2892 se
927 2827 1105 2904 ostendunt,
1128 2847 1247 2910 aquam
1262 2832 1293 2892 et
1308 2834 1440 2895 uentum

327 2932 517 3015 significant.

289 3210 310 3258 s
364 3198 379 3251 1
399 3196 494 3250 choirs
515 3195 528 3266 Η
548 3197 918 3265 anturnacensium
939 3204 952 3272 Η
970 3205 988 3260 3
1007 3206 1185 3275 spoponderit
1204 3207 1218 3278 Η
1237 3208 1310 3262 radii
1323 3215 1442 3264 onnPli-

328 3289 388 3335 rrius
408 3282 421 3353 Η
442 3281 556 3349 9traotti
576 3282 589 3352 Η
611 3285 628 3337 6
647 3290 795 3339 cernentur
812 3292 916 3341 Plinius
936 3290 949 3362 Η
975 3290 1004 3345 in
1021 3291 1100 3346 breui
1120 3293 1145 3347 si
1170 3292 1182 3363 Η
1209 3296 1224 3349 7
1243 3297 1354 3351 trahent
1371 3315 1438 3370 spe-

327 3386 385 3422 ram
405 3367 419 3437 Η
439 3385 600 3438 proxumum
620 3373 721 3423 Plinius
741 3371 754 3443 Η
774 3376 791 3429 8
810 3391 871 3428 cum
892 3378 1009 3445 oriente]
1030 3383 1096 3434 Pliu.
1111 3384 1127 3432 l.
1142 3385 1225 3434 1314
1244 3381 1257 3452 Η
1277 3384 1402 3439 illustros
1424 3386 1438 3457 Η

329 3457 363 3511 10
381 3459 495 3525 portent
515 3455 528 3524 Η
549 3455 739 3523 gloriabuntur
759 3461 772 3531 Η
793 3462 826 3515 11
846 3461 1050 3535 denuptiabunt
1070 3465 1084 3536 Η
1104 3468 1137 3521 13
1156 3467 1217 3521 erit
1245 3472 1276 3524 Si
1295 3478 1330 3525 no
1349 3474 1439 3527 ambi-

266 3574 271 3585 ·
327 3559 398 3613 bunt
416 3560 467 3613 sed
491 3559 630 3615 incubent.
659 3579 676 3614 a
699 3542 777 3635 dcirq,
794 3569 880 3619 uento
905 3566 1007 3621 fuerint
1030 3584 1091 3622 eum
1115 3571 1293 3640 portendunt
1322 3577 1391 3647 Qsi
1409 3579 1440 3630 in

328 3651 427 3700 exortu
446 3652 494 3701 aut
513 3649 540 3701 in
560 3664 662 3703 occasu
681 3649 729 3704 fiet
747 3652 788 3704 ita
805 3658 837 3706 ut
859 3654 1011 3709 rubescant
1030 3656 1118 3710 nubes
1136 3659 1257 3713 maxima
1275 3662 1439 3717 ostendere·

327 3739 372 3787 tur
390 3738 551 3805 tempestas.
573 3734 603 3790 Si
623 3752 689 3790 uero
703 3739 788 3791 etiam
801 3740 904 3811 duplex
917 3757 951 3795 ea
963 3742 1047 3796 fuerit
1058 3744 1134 3799 orbis
1148 3748 1277 3802 atrocior.
1297 3752 1331 3815 οἱ.
1344 3767 1439 3817 propr.

329 3825 405 3873 Pusu.
419 3841 444 3888 p.
456 3828 490 3873 22
510 3820 523 3891 Η
546 3823 580 3876 14
598 3822 720 3892 quodsi]
740 3831 810 3880 Plin.
825 3834 841 3881 l.
856 3833 940 3882 1346
961 3826 975 3898 Η
995 3831 1029 3883 11
1047 3833 1225 3901 portendant,
1245 3836 1439 3904 siameridie,

328 3911 358 3959 et
376 3908 489 3962 imbrem
509 3912 610 3962 Plinius
637 3908 650 3980 Η
676 3911 803 3980 cignetur
828 3912 841 3983 Η
867 3917 900 3970 18
918 3916 981 3986 ipse
999 3918 1105 3987 ruperit
1125 3917 1139 3988 Η
1159 3922 1250 3991 aperit
1269 3927 1382 3991 Plinius,
1408 3938 1437 3977 ul

329 3994 436 4064 ruperit
454 3998 509 4046 coil.
530 3999 612 4049 Plinii
630 3999 667 4049 „a
684 4018 726 4066 up.
740 4003 828 4067 Sillip.
849 4000 861 4070 Η
883 4007 1064 4071 exspectetur
1081 4010 1184 4060 Plinius
1205 4006 1219 4077 Η
1238 4010 1309 4062 siin
1329 4015 1440 4082 exortu]

328 4084 431 4223 Plinii,
442 4085 460 4183 l,
473 4090 526 4241 erip,
545 4081 559 4151 Η
580 4084 615 4140 20
633 4085 803 4153 significauit
823 4091 836 4157 Η
856 4089 890 4143 21
904 4090 1056 4147 ostendent
1069 4098 1170 4148 Plinius
1190 4092 1203 4165 Η
1224 4098 1258 4155 22
1277 4098 1442 4168 significant

327 4186 376 4220 Om-
422 4187 492 4222 1111118
