3202 5200
793 526 1030 593 —210-

319 701 345 769 S
831 695 993 761 Eiusdem.

441 832 523 896 Ante
551 829 658 893 omnia
686 835 791 894 autern
820 829 882 892 duo
910 847 1030 911 genera
1058 847 1128 893 esse
1156 826 1305 892 oaelestis
1332 823 1469 889 iniuriae

356 941 538 1005 meminisse
563 937 730 1031 debemus:
765 958 863 1001 unum
891 937 979 1019 quod
1005 942 1209 1021 tempestates
1235 955 1405 1010 uocemue,
1434 933 1469 995 in

356 1048 472 1131 quibus
503 1048 677 1131 grandines
704 1047 869 1131 procellae
895 1053 1066 1128 oeteraque
1094 1045 1213 1113 similia
1239 1044 1466 1125 intelliguntur,

332 1178 442 1240 equae
465 1178 536 1222 oum
558 1156 758 1243 [plenilunio]
776 1156 950 1223 acciderint
972 1157 1022 1221 uis
1044 1156 1145 1220 maior
1168 1153 1357 1238 appellatur.
1388 1152 1469 1215 liaeo

358 1268 399 1332 ab
422 1266 560 1331 horridis
582 1262 741 1332 sideribus
764 1272 889 1344 exeunt,
913 1272 947 1330 ut
963 1267 1092 1349 saepius
1116 1265 1262 1339 diximus,
1285 1262 1384 1326 ueluti
1400 1279 1467 1324 aro-

355 1358 569 1441 turoOriono
592 1376 713 1442 haedis.
749 1375 815 1439 alia
843 1380 916 1440 sunt
943 1375 1000 1440 illa
1027 1396 1109 1457 quae
1135 1371 1361 1439 silente'oaelo
1384 1388 1468 1434 sere

356 1485 469 1567 nisque
491 1486 639 1551 noctibus
662 1487 754 1563 fiunt,
784 1485 870 1549 nullo
895 1485 1063 1561 sentiente,
1092 1484 1152 1548 nisi
1181 1503 1253 1548 eum
1279 1482 1363 1545 faeta
1395 1486 1469 1544 sunt
1496 1486 1500 1493 '

356 1595 493 1679 publiea.
511 1590 548 1658 ‘et
566 1598 709 1676 'magnae
732 1594 932 1658 differentiae
956 1615 976 1659 a
997 1595 1168 1679 prioribus,
1193 1592 1266 1657 aliis
1288 1590 1468 1671 robiginem

321 1730 347 1767 ro
360 1704 434 1768 aliis
448 1703 615 1769 uredinem
632 1700 705 1767 aliis
722 1703 946 1768 oarbunoulmn
962 1703 1211 1788 appellantibus,
1227 1701 1375 1765 omnibus
1389 1718 1468 1763 uero

357 1812 567 1905 sterilitatem.
602 1811 643 1877 de
665 1798 716 1877 bis
738 1831 823 1876 nune
846 1811 988 1876 dioemus
1010 1812 1140 1877 anullo
1163 1817 1237 1876 anto
1260 1832 1319 1876 nos
1341 1809 1468 1894 prodita

357 1921 509 2004 priusque
534 1940 650 1988 oausas
673 1921 854 1987 reddemus.

443 2033 536 2097 Duae
560 2038 634 2098 sunt
659 2038 789 2117 praeter
814 2032 959 2096 lunarem
985 2031 1161 2114 paucisque
1183 2030 1265 2096 eaeli
1287 2029 1365 2094 loeis
1393 2047 1468 2093 oon-

358 2147 453 2205 stant.
475 2162 614 2225 namque
636 2141 790 2226 uergiliao
815 2141 964 2225 priuatim
980 2140 1113 2205 attinent
1127 2140 1171 2204 ed
1185 2140 1316 2217 fruetus,
1340 2145 1374 2203 ut
1388 2157 1467 2219 qua·

321 2281 344 2318 15
357 2272 426 2315 rum
454 2236 567 2317 exortu
595 2258 700 2316 aestas
728 2251 873 2334 inoipiat‚
904 2270 1021 2315 oooasu
1044 2247 1160 2332 hiems,
1195 2249 1339 2314 semestri
1361 2247 1466 2332 spatio

355 2362 440 2427 intra
468 2380 505 2426 se
530 2380 652 2426 messes
674 2360 919 2443 uindemiasque
942 2365 973 2425 et
995 2361 1135 2423 omnium
1157 2361 1369 2425 maturitatem
1392 2378 1468 2423 oon·

356 2471 523 2554 plectente.
559 2477 608 2536 est
635 2477 801 2555 praeterea
822 2471 855 2534 in
878 2471 969 2537 eaelo
992 2471 1046 2553 qui
1068 2475 1200 2535 uooatur
1222 2470 1346 2536 laeteus
1368 2470 1467 2533 oirou-

348 2582 417 2659 ,lira
439 2582 537 2651 etiarn
559 2580 630 2645 uisu
653 2578 767 2645 faoilis.
792 2579 886 2645 huius
902 2579 1042 2647 defluuio
1058 2579 1155 2645 uelud
1176 2599 1215 2643 ex
1238 2580 1336 2645 ubere
1357 2580 1466 2661 aliquo

310 2708 313 2713 ·
355 2697 428 2757 sata
447 2694 564 2756 eunota
586 2690 776 2766 laotesount,
805 2689 938 2753 duorum
967 2690 1108 2754 siderum
1131 2688 1354 2753 obseruatione
1376 2692 1467 2751 nota-

318 2801 440 2884 nobilis,
463 2801 594 2884 aquilae
608 2799 642 2862 in
657 2797 899 2882 septentrionali
917 2804 1007 2881 parte
1025 2805 1056 2865 et
1077 2799 1110 2863 in
1133 2797 1275 2863 austrina
1289 2796 1466 2875 oanieulae',

318 3011 339 3061 S
393 3008 408 3060 1
427 3009 697 3059 rura.1.r.rre.r⁷o
716 3003 730 3075 Η
750 3007 767 3058 2
786 3003 841 3058 duo
861 3018 925 3058 esse
943 3004 1055 3059 nomine
1072 3009 1111 3056 Va
1131 3003 1144 3074 Η
1164 3005 1182 3060 4
1200 3004 1399 3074 intelleguntur
1412 3007 1467 3056 Pli'-

355 3099 416 3159 oloe
436 3091 449 3162 Η
469 3080 494 3148 5'
506 3108 577 3161 quae
589 3093 721 3146 -maior
739 3097 823 3147 oms
842 3092 855 3164 Η
875 3090 1028 3161 plenilunio
1052 3093 1089 3144 Vl
1109 3111 1156 3145 om.
1174 3097 1276 3145 Piloros
1295 3096 1382 3146 deleat
1402 3090 1415 3162 Η
1437 3093 1466 3145 ui

350 3166 459 3232 ¹maiore
477 3180 514 3231 Vb
535 3179 548 3249 Η
568 3172 611 3233 uis
631 3179 840 3235 maiorl’lr'uios
858 3185 892 3247 cf.
909 3181 1056 3232 Columella
1068 3185 1084 3231 1
1096 3189 1145 3245 ⁷‚1
1169 3180 1182 3252 Η
1203 3181 1381 3252 impelluntur
1398 3181 1435 3231 Vt
1452 3178 1465 3249 Η

356 3269 372 3322 6
392 3266 530 3320 sideribus
549 3266 652 3318 exoriri
671 3266 784 3332 (exoriri
804 3285 839 3318 ae
851 3269 931 3334 corr.)
950 3271 971 3319 8
997 3266 1009 3339 Η
1035 3268 1050 3321 'l
1070 3268 1167 3322 oriona
1185 3273 1205 3321 8
1227 3267 1239 3339 Η
1260 3269 1368 3329 serenis
1392 3269 1429 3319 Vt
1450 3266 1465 3336 Η

357 3357 374 3409 8
387 3354 443 3407 nisi
456 3369 518 3405 eum
531 3352 607 3406 laeta
621 3356 687 3405 sunt
697 3391 703 3404 .
714 3350 827 3421 publiea
838 3351 917 3418 haee,
937 3353 988 3407 sed
1001 3358 1031 3408 et
1042 3371 1159 3424 magnae
1173 3359 1276 3409 Plinius
1289 3353 1303 3426 Η
1317 3359 1467 3423 9-magnae

356 3444 421 3495 sunt
443 3440 479 3501 Vp
495 3437 516 3517 -Η
534 3441 568 3494 10
586 3438 713 3493 eanieulr‘r
732 3438 939 3509 appellantibus
959 3445 980 3492 S
1000 3440 1014 3511 Η
1035 3442 1182 3510 caliginem
1201 3442 1409 3514 impellentibus
1429 3443 1469 3494 Vb

355 3528 369 3598 Η
398 3527 594 3581 carbunculum
613 3530 717 3578 Pilatus
742 3526 755 3595 Η
781 3528 812 3581 11
833 3526 957 3581 dicemus
976 3545 1031 3598 quo
1051 3531 1133 3598 (qnae
1153 3533 1179 3598 l)
1198 3535 1263 3585 onte
1282 3546 1334 3584 nos
1354 3548 1371 3582 a
1388 3529 1468 3582 nullo

356 3620 421 3668 sunt
436 3614 551 3685 prodita
567 3617 604 3671 Vl
625 3613 639 3684 Η
660 3616 693 3669 13
706 3617 766 3667 Plio
789 3618 805 3667 l.
821 3619 838 3668 l.
851 3621 994 3670 roo-m
1014 3615 1027 3688 Η
1048 3625 1113 3684 eozt
1132 3635 1185 3688 que
1205 3623 1270 3672 sunt
1286 3623 1308 3671 V
1328 3618 1341 3690 Η
1361 3636 1467 3674 eorum.

354 3719 426 3771 quae
446 3707 509 3755 sunt
528 3704 542 3753 t
565 3701 577 3772 Η
599 3706 628 3755 et
647 3717 700 3771 que
720 3702 803 3771 (quae
817 3704 842 3770 l)
861 3704 960 3772 paucis
977 3706 1013 3758 Vt
1035 3705 1048 3776 Η
1070 3706 1105 3759 14
1123 3706 1270 3776 primatum
1289 3710 1353 3759 SVI»
1373 3707 1387 3778 Η
1406 3709 1467 3778 pri-

353 3791 439 3845 uatim
453 3794 555 3842 Pltor'os
574 3788 588 3859 Η
608 3793 707 3849 tenent
724 3789 760 3840 Vb
781 3787 794 3859 Η
815 3793 846 3841 ut
865 3809 914 3842 om.
931 3793 967 3843 Vl
988 3791 1001 3862 Η
1023 3794 1057 3848 15
1073 3798 1186 3849 exortus
1203 3796 1240 3848 Vl
1261 3791 1276 3867 Η
1297 3798 1374 3847 estne
1386 3798 1437 3846 SV
1450 3793 1467 3864 Η

354 3896 477 3948 aestuet
497 3894 512 3965 Η
530 3894 631 3965 incipit
647 3892 683 3946 Vb
704 3893 717 3964 Η
737 3862 870 3964 hyemisa
887 3897 1031 3950 semestris
1051 3898 1146 3968 spatio
1165 3902 1185 3952 S
1206 3899 1219 3970 Η
1238 3898 1466 3952 hiens.Semen-

352 3982 390 4036 tis
409 3982 534 4050 spacium
552 3988 574 4035 V
593 3982 606 4051 Η
625 3982 713 4035 hiems
732 3983 862 4036 semestri
882 3984 1007 4052 spaeiob
1026 3982 1041 4053 Η
1061 3968 1252 4041 le'mensess
1271 3985 1285 4054 Η
1307 3989 1336 4049 et
1353 4000 1467 4039 messes

358 4070 394 4121 Vl
415 4067 428 4137 Η
448 4069 694 4139 tuendenriesq.8
714 4068 727 4140 Η
747 4071 939 4124 maturitates
960 4070 973 4138 Η
993 4071 1100 4141 9plexit
1113 4077 1133 4123 8
1147 4072 1160 4142 Η
1182 4071 1373 4142 amplexantur
1388 4072 1427 4122 Vo
1449 4071 1464 4139 Η

353 4155 549 4225 conplecteute
570 4160 672 4209 Pliones
692 4157 704 4227 Η
726 4159 759 4212 18
777 4158 855 4211 uisus
876 4160 966 4208 altero
985 4172 999 4209 s
1019 4162 1110 4210 deleto
1129 4161 1149 4209 8
1169 4156 1184 4227 Η
1205 4156 1314 4211 defluo
1339 4162 1360 4208 V
1379 4157 1393 4226 Η
1412 4173 1466 4210 ue-

353 4241 393 4294 lut
416 4244 453 4293 Vt
473 4240 489 4312 Η
507 4242 601 4309 aliquo
620 4259 670 4293 om.
690 4247 711 4293 V
730 4241 744 4311 Η
765 4246 798 4299 19
818 4247 898 4309 saeta
917 4247 937 4294 8
958 4242 971 4313 Η
992 4244 1134 4298 latescunt
1157 4249 1179 4296 V
1196 4242 1211 4314 Η
1232 4242 1315 4297 duum
1338 4249 1360 4296 Ρ
1377 4244 1392 4313 Η
1411 4260 1467 4301 no-

351 4328 447 4382 tabilis
466 4347 516 4380 om.
529 4329 659 4380 omissos
678 4325 693 4396 Η
712 4328 748 4382 20
763 4332 814 4398 pte
832 4332 853 4385 S
872 4331 886 4398 Η
1418 4359 1422 4367 ·
