3202 5200
786 492 935 558 -214
980 528 1017 540 -

312 677 446 755 sposse
468 684 540 735 eam
560 669 742 749 permutare
764 663 939 746 algentium
960 661 1104 725 locorum
1127 674 1154 725 et
1169 662 1382 726 aestuantium
1404 684 1462 727 na·

351 786 439 843 rous
462 782 494 842 et
516 795 537 840 a
560 773 658 839 nobis
675 773 833 839 rationem
855 773 1104 836 demonstratam
1128 789 1199 835 esse
1222 771 1302 835 satis
1324 777 1386 855 est,
1409 792 1462 837 re-

351 886 440 969 liqua
462 881 689 955 obseruatione
711 882 865 963 cuiusque
887 880 1088 945 constabunt.
1121 879 1307 945 alterutrum
1331 881 1461 963 quidem

351 995 421 1061 fore
443 995 477 1058 in
501 1012 611 1069 eausa,
635 990 697 1056 hoo
719 997 768 1056 est
788 989 998 1074 plenilunium
1014 995 1069 1053 aut
1083 988 1298 1073 interlunium,
1322 1010 1386 1055 non
1402 991 1464 1055 erit

283 1178 287 1191 Ι
326 1103 496 1168 odubium.
517 1106 550 1167 et
571 1102 605 1166 in
627 1102 688 1166 boc
709 1099 888 1164 mirabilem
912 1097 1066 1163 admirari
1082 1097 1312 1180 benignitatem
1328 1104 1463 1165 naturae

353 1212 516 1297 succurrit,
539 1211 603 1276 iam
618 1210 755 1294 primum
770 1207 855 1273 banc
868 1208 1017 1272 iniuriam
1034 1207 1181 1272 omnibus
1203 1208 1296 1273 annis
1318 1210 1464 1276 accidere

354 1341 419 1385 non
442 1339 543 1404 passe
571 1324 701 1403 propter
728 1324 829 1383 statos
857 1316 998 1383 siderum
1029 1336 1140 1383 cursus
1167 1337 1228 1383 uec
1259 1319 1322 1383 nisi
1349 1322 1463 1402 paneis

353 1429 501 1494 noctibus
522 1428 599 1494 anni
625 1427 724 1510 idque
746 1426 878 1509 quando
900 1427 940 1491 sit
962 1425 1102 1491 futurum
1128 1425 1226 1492 facile
1248 1429 1337 1493 nosci
1361 1449 1400 1493 ac
1422 1450 1464 1494 ne

354 1558 411 1621 per
439 1557 550 1602 ornnes
577 1555 705 1602 menses
731 1537 910 1619 timeretur,
945 1554 1053 1600 earum
1081 1536 1153 1618 lege
1180 1536 1317 1602 diuisum
1343 1545 1466 1605 aestate

320 1670 343 1710 ιο
355 1646 528 1713 interlunia
551 1653 775 1730 praeterquam
797 1645 896 1710 biduo
919 1664 1032 1710 secura
1052 1663 1134 1729 esse,
1156 1644 1263 1712 hieme
1276 1647 1463 1730 plenilunia,

354 1781 414 1826 nec
435 1760 497 1825 nisi
519 1757 652 1823 aestiuis
673 1755 936 1835 breuissimisque
958 1752 1105 1821 noctibus
1129 1755 1240 1834 metui,
1262 1755 1376 1823 diebus
1398 1778 1464 1822 non

355 1871 441 1934 idem
463 1867 583 1933 ualere.
607 1871 774 1949 praeterea
796 1870 861 1927 tam
885 1861 981 1926 facile
1002 1862 1146 1947 intelligi,
1170 1869 1204 1928 ut
1225 1863 1361 1931 formica
1374 1864 1465 1930 mini-

355 1998 444 2045 mum
465 1973 586 2041 animal
608 1973 777 2038 interlunio
801 1971 962 2053 quiescat,
992 1972 1167 2055 plenilunio
1198 1979 1346 2056 operetur
1367 1975 1464 2040 etiam

355 2087 517 2164 noctibus,
540 2103 634 2149 anem
656 2101 783 2166 parram
806 2082 927 2146 oriente
948 2080 1032 2144 Sirio
1054 2081 1125 2163 ipso
1148 2081 1200 2146 die
1222 2101 1286 2145 non
1308 2103 1465 2167 apparere

319 2217 344 2253 u
357 2203 388 2262 et
414 2195 519 2260 donee
546 2192 689 2268 occidat,
723 2210 742 2256 e
771 2191 901 2255 diuerso
931 2189 1126 2254 chlorionem
1153 2191 1282 2274 prodire
1308 2194 1377 2276 ipso
1411 2195 1465 2260 die

358 2305 492 2372 solstitii.
516 2307 662 2367 neutrum
678 2321 755 2365 uero
771 2301 867 2364 lunae
883 2304 998 2364 statum
1021 2299 1152 2363 noxium
1175 2318 1246 2365 esse
1262 2320 1302 2367 ne
1318 2303 1466 2368 noctibus

279 2482 284 2489 ,
357 2414 486 2498 quidem
502 2412 563 2477 nisi
578 2411 700 2476 serenis
716 2414 747 2474 et
768 2409 855 2474 omni
870 2428 947 2473 aura
969 2408 1164 2489 quiescente,
1188 2411 1337 2492 quoniam
1360 2433 1466 2497 neque

234 2624 236 2631 ·
318 2612 341 2661 S
394 2604 409 2659 1
428 2601 605 2671 permutarib
626 2599 639 2669 Η
659 2597 810 2667 legentium
822 2598 946 2650 locorum
960 2596 1128 2649 estuantium
1141 2600 1189 2649 SV
1208 2597 1221 2667 Η
1242 2598 1357 2654 arbitrio
1370 2602 1465 2671 legen·

357 2690 425 2744 tium
437 2688 561 2741 locorum
575 2684 781 2739 aestimantium
800 2686 815 2734 b
836 2684 849 2753 Η
869 2682 1021 2751 algentium
1033 2682 1157 2737 locorum
1170 2689 1200 2738 et
1211 2688 1399 2742 aestuantium
1410 2695 1465 2743 Pti-

358 2779 418 2829 sius
442 2776 456 2843 Η
481 2772 746 2828 udemostratacam
765 2773 837 2823 ees
866 2768 879 2840 Η
910 2784 974 2822 esse
994 2769 1211 2825 demonstratam
1235 2775 1271 2825 Vb
1301 2772 1315 2843 Η
1341 2777 1467 2832 3ultera

358 2865 480 2915 utrumS
501 2861 514 2930 Η
534 2859 636 2914 Altera
654 2862 771 2928 utrumq.
791 2863 812 2910 V
831 2855 844 2926 Η
864 2857 1066 2910 Alterutrumb
1087 2858 1101 2925 Η
1120 2858 1138 2912 4
1156 2859 1209 2913 hoc
1228 2864 1273 2913 est
1290 2862 1398 2932 reliqua
1415 2866 1467 2918 ob-

359 2948 517 3003 seruatione
535 2945 716 3017 plenilunium
728 2950 777 2998 SV
796 2942 808 3014 Η
828 2944 887 2999 bin
905 2944 959 2999 hcc
977 2945 1133 3009 mirabilem,
1149 2946 1351 3015 benignitatem
1369 2956 1469 3005 nature

357 3041 378 3088 S
398 3035 412 3105 Η
436 3035 490 3088 hoc
508 3033 628 3087 mirabili
646 3037 744 3086 nature
763 3031 937 3100 benignitate
963 3036 984 3083 V
1006 3028 1022 3101 Η
1046 3031 1074 3085 in
1092 3032 1146 3085 hoc
1165 3034 1319 3087 mirabilem
1338 3036 1470 3092 admirari

358 3122 560 3191 benignitatem
578 3119 703 3173 Naturae
723 3120 736 3168 b
757 3119 771 3189 Η
797 3120 825 3172 iu
844 3122 897 3174 hcc
915 3118 1008 3172 mirari
1028 3116 1217 3173 admirabilem
1235 3121 1262 3172 b.
1280 3138 1305 3174 n.
1326 3127 1383 3179 lau.
1396 3128 1468 3180 Ptin.

362 3209 424 3264 Vol.
437 3214 482 3261 ΙΙΙ
494 3223 605 3276 paxu
626 3206 639 3273 Η
660 3208 677 3259 6
696 3207 888 3260 succurritiam
907 3207 922 3257 b
942 3205 956 3275 Η
976 3205 1106 3260 accidere
1124 3227 1193 3262 corr.
1208 3227 1243 3261 erc
1262 3208 1392 3264 occidere
1411 3218 1431 3261 S
1453 3211 1469 3283 Η

361 3316 376 3368 7
396 3316 518 3369 statutos
542 3316 564 3363 V
583 3309 596 3378 Η
617 3309 745 3378 syderum
763 3314 783 3361 S
804 3310 819 3378 Η
838 3303 857 3367 ir
874 3316 894 3364 S
917 3309 932 3379 Η
957 3313 975 3366 8
992 3311 1028 3364 ad
1047 3311 1122 3381 quod
1141 3312 1251 3381 quando
1276 3318 1296 3365 V
1315 3313 1329 3383 Η
1348 3314 1468 3369 brunum

360 3414 493 3469 sitrecte
507 3412 587 3468 nosci
600 3416 702 3466 risurus
723 3413 736 3482 Η
756 3413 919 3473 noscitur
938 3414 952 3484 Η
971 3406 989 3470 t
1006 3420 1027 3468 s
1047 3414 1060 3483 Η
1081 3416 1329 3488 staretstart!
1349 3420 1387 3474 10.
1401 3420 1468 3489 nye-

360 3518 403 3557 me
426 3505 447 3554 S
467 3499 480 3569 Η
506 3502 538 3554 ll
557 3500 731 3555 breuissimis
756 3506 776 3553 V
795 3500 807 3570 Η
833 3502 867 3556 12
885 3502 952 3555 item
970 3504 1098 3554 bPliuius
1117 3510 1146 3552 ut
1166 3506 1199 3569 cf.
1220 3507 1290 3556 Fels.
1310 3508 1342 3557 de
1360 3508 1469 3559 Pliniu-

359 3606 417 3643 πον.
436 3590 511 3643 codd.
530 3590 599 3653 furtis
617 3606 643 3655 p.
655 3597 704 3641 res
729 3588 742 3659 Η
767 3589 893 3657 intellegi
911 3591 1015 3640 Plinius
1036 3585 1048 3657 Η
1073 3588 1106 3642 13
1126 3592 1256 3658 operetur
1275 3592 1358 3645 etiam
1377 3595 1469 3648 nocti-

359 3676 412 3729 bus
436 3678 566 3744 operetur
590 3691 669 3729 auem
693 3679 714 3726 S
743 3675 756 3746 Η
786 3680 916 3745 operetur
939 3679 968 3727 et
992 3675 1075 3727 etiam
1094 3675 1224 3730 noctibus
1243 3692 1323 3731 auem
1347 3683 1368 3730 V
1395 3680 1410 3751 Η
1439 3688 1472 3736 et

361 3763 444 3816 etiam
463 3763 594 3816 noctibus
614 3768 745 3833 operetur
768 3766 782 3813 b
811 3762 826 3832 Η
855 3763 939 3816 etiam
958 3761 1087 3816 noctibus
1108 3766 1239 3832 operetur
1258 3769 1360 3819 Vlr'm'us
1383 3779 1412 3821 ut
1432 3775 1471 3837 cf.

362 3852 432 3900 Vols.
447 3852 464 3901 l.
479 3853 497 3903 l.
511 3848 525 3919 Η
546 3851 580 3904 14
593 3852 709 3904 orientis
722 3850 867 3921 porphirio
880 3854 900 3899 S
914 3847 928 3918 Η
943 3849 1059 3903 orientis
1072 3844 1278 3919 porphiriouem
1297 3857 1319 3905 V
1331 3853 1345 3923 Η
1359 3856 1471 3911 oriente

361 3934 462 3987 siricb
489 3933 503 4005 Η
527 3936 662 4008 adparere
681 3943 784 3990 Plinius
809 3936 822 4007 Η
847 3938 881 3991 15
900 3934 1032 3989 occidant
1055 3942 1076 3989 V
1093 3934 1108 4006 Η
1129 3935 1258 3992 edinerso
1278 3939 1393 3996 doricus
1411 3949 1433 3996 S
1453 3944 1471 4016 Η

361 4022 426 4076 hedi
440 4024 485 4077 uel
498 4025 580 4080 orior.
598 4029 620 4077 V
638 4024 651 4094 Η
673 4025 813 4078 edinerso
826 4022 973 4076 Virionem
992 4024 1007 4073 b
1027 4024 1041 4092 Η
1061 4041 1076 4076 e
1097 4024 1209 4079 diuerso
1228 4026 1399 4083 chlorionem
1411 4035 1472 4083 Pli-

279 4140 282 4144 ·
320 4118 324 4133 '
360 4117 420 4166 ciros
440 4112 454 4184 Η
474 4129 537 4183 usq3
558 4112 594 4166 ad
613 4112 686 4165 diem
710 4116 731 4162 V
751 4109 765 4179 Η
784 4111 848 4179 ipso
868 4110 991 4169 Solstitii
1009 4110 1055 4164 die
1074 4113 1089 4161 b
1109 4111 1123 4181 Η
1144 4114 1178 4167 16
1197 4113 1317 4168 solsticii
1336 4119 1357 4167 S
1376 4116 1390 4185 Η
1411 4119 1471 4171 sol-

360 4203 421 4258 stiti
439 4206 544 4255 Plinius
564 4201 578 4269 Η
598 4201 631 4254 17
651 4199 743 4253 omnia
760 4214 826 4251 uere
846 4199 1010 4267 quiescente
1028 4203 1050 4251 S
1070 4198 1083 4267 Η
1109 4199 1215 4264 omnib;
1234 4217 1299 4255 uere
1319 4204 1473 4273 quiescen-

359 4290 435 4344 tibus
459 4295 481 4343 V
500 4289 514 4360 Η
534 4288 608 4343 0mui
626 4303 694 4342 aura
712 4288 875 4358 quiescente
893 4285 909 4335 b
928 4284 942 4356 Η
