3252 5204
637 535 679 547 ...
721 518 842 562 xp..

185 673 390 755 prauationes
412 670 601 754 plerumque
623 689 701 752 prae
717 688 752 734 se
767 668 874 733 ferunt
890 667 992 734 codex
1007 668 1247 750 Freibergensis
1263 674 1295 733 et

184 791 340 855 Italorum
362 789 444 866 libri,
468 787 685 863 Strozzianum
706 786 780 850 dieo
804 792 835 849 et
857 786 1038 851 Vatieauos.

272 906 411 971 Codices
436 910 543 969 autem
571 924 681 969 omnes
707 901 911 968 memorabili
938 903 1079 985 quodam
1106 903 1183 967 uitio
1206 904 1295 968 labo-

187 1031 268 1102 rant,
292 1025 378 1107 quod
399 1029 544 1087 notatum
567 1010 696 1104 quidem
719 1026 768 1086 est
783 1040 804 1084 a
818 1021 895 1084 uiris
911 1020 1023 1104 doctIs,
1046 1021 1088 1085 ab
1105 1021 1295 1086 010111011.

90 1134 93 1139 ’
188 1142 295 1228 113186
319 1149 349 1208 et
365 1163 386 1207 a
400 1140 538 1224 losepho
554 1141 639 1226 Frey
654 1161 728 1204 nou.
744 1160 824 1203 mus.
840 1137 942 1204 Rhen,
958 1137 1041 1202 XIII
1055 1142 1118 1207 418
1134 1159 1214 1223 sqq,
1237 1139 1297 1204 sed

187 1261 403 1342 nondum,·ut
425 1258 552 1341 opinor,
581 1258 733 1325 radicitus
756 1263 940 1324 extractum.
981 1277 1095 1322 uersus
1117 1256 1200 1322 enim
1221 1257 1296 1321 illos

189 1377 415 1467 [520-0301,
440 1375 481 1440 de
504 1376 619 1458 quibus
642 1398 740 1461 supra
762 1375 910 1456 diximus,
934 1374 1052 1458 excipit
1073 1372 1296 1439 ornatissimus

188 1505 221 1563 et
242 1495 518 1582 splendidissimus
549 1493 590 1558 de
616 1493 732 1559 circulo
762 1493 892 1560 zodiaco
920 1493 1009 1558 locus
1034 1492 1075 1579 [u.
1091 1491 1298 1577 531-572].'

166 1633 281 1698 ‘quem
304 1616 330 1680 si
360 1634 431 1679 cum
458 1612 547 1677 tenui
574 1612 737 1696 signorum
764 1612 1004 1678 enumeratione
1025 1611 1147 1676 Aratea
1168 1630 1297 1694 compa-

186 1734 318 1816 raueris,
342 1731 527 1797 inusitatam
543 1730 735 1796 Germanico
751 1731 908 1796 mirabere
923 1729 1227 1813 magniloquentiam
1250 1735 1297 1792 at-

189 1870 251 1933 que
274 1849 419 1915 ordinem
442 1855 598 1913 astrorum
620 1868 690 1912 cum
714 1850 754 1912 ab
776 1849 878 1933 ipsius
900 1855 966 1914 tum
983 1850 1023 1913 ab
1039 1847 1130 1912 Arati
1144 1868 1233 1912 more
1249 1848 1296 1912 di-

187 1987 325 2033 uersum.
364 1965 521 2030 redundat
549 1968 633 2031 enim
659 1973 745 2032 totus
774 1968 863 2032 locus
885 1967 1016 2050 fabuIIs,
1046 1965 1167 2030 fabulis
1187 1973 1295 2031 autem

188 2085 397 2152 Germanicus
420 2092 475 2148 aut
501 2085 630 2149 omnino
657 2085 816 2151 abstinere
844 2091 899 2149 aut
926 2085 971 2149 eis
998 2104 1110 2168 parum
1136 2084 1214 2149 fidei
1240 2084 1295 2148 ha-

187 2205 263 2269 bere
293 2203 375 2268 solet
401 2202 441 2267 cf.
465 2201 586 2268 Phaen.
607 2207 647 2270 31
675 2209 733 2271 166
756 2208 829 2271 264.
871 2204 935 2267 iam
961 2202 1158 2267 enumeratio
1184 2203 1296 2287 incipit

189 2322 230 2386 ab
246 2322 354 2399 ariete,
379 2320 460 2385 duee
482 2320 655 2406 signorum,
678 2340 743 2385 non
766 2341 787 2384 a
808 2341 934 2386 cancro.
968 2327 1081 2404 postea
1104 2328 1297 2386 tamennon

188 2440 249 2507 sibi
272 2444 398 2504 constat
420 2438 630 2505 Germanicus
658 2446 689 2504 et
716 2439 749 2503 in
772 2460 811 2504 ea
831 2445 922 2524 parte
945 2437 1109 2517 carminis,
1139 2457 1203 2519 qua
1226 2439 1297 2502 stel-

187 2559 247 2643 las,
272 2576 355 2639 quae
378 2577 449 2622 cum
464 2556 530 2620 XII
552 2555 653 2637 signis
677 2562 733 2622 aut
754 2556 903 2622 occidunt
924 2562 981 2620 aut
1002 2555 1154 2634 criuntur,
1176 2555 1298 2620 descri-

187 2676 244 2754 bit,
268 2675 404 2741 eundem
427 2657 524 2756 atquc
546 2674 665 2738 Aratus
687 2673 830 2757 sequitur
852 2672 1010 2751 ordinem,
1035 2690 1125 2735 orsus
1148 2693 1169 2738 a
1191 2672 1298 2742 cancri

178 2794 292 2875 signo.
332 2793 412 2856 alter
440 2798 544 2856 autem
572 2790 738 2871 signorum
765 2792 844 2856 ordo
863 2790 1021 2855 'omnibus
1048 2789 1083 2853 in
1111 2788 1298 2875 fragmentis

187 2892 468 2990 Prognosticorum
491 2915 637 2975 seruatus
659 2914 717 2973 est.
750 2908 812 2974 huc
835 2908 957 2975 aceedit
976 2909 1063 2994 quod
1085 2909 1298 2992 fragmentum

187 3029 323 3114 primum
344 3027 455 3111 incipit
476 3047 497 3092 a
520 3037 615 3092 uersu
638 3028 852 3093 contaminato
874 3028 967 3094 huius
991 3028 1140 3095 editionis
1163 3028 1299 3111 quadra-

187 3148 328 3232 gesimo:
1004 3137 1007 3142 ’

315 3291 381 3332 aaa
402 3268 458 3330 cio
481 3280 526 3331 est
547 3267 623 3331 eolc's
646 3268 704 3331 de's
726 3267 831 3331 senis
853 3254 991 3331 lucida
1012 3268 1147 3354 signis.

186 3387 260 3450 hInc
273 3384 411 3468 Iosepho
427 3384 512 3467 Frey
534 3390 604 3448 orta
626 3391 674 3449 est
696 3384 841 3469 suspitio,
864 3382 1112 3467 descriptionem
1136 3385 1224 3450 illam
1248 3405 1296 3449 10-

187 3505 271 3570 diaci
294 3523 401 3569 errore
428 3502 631 3566 librariorum
654 3523 694 3568 ex
715 3503 933 3587 Prognosticis
955 3503 990 3565 in
1011 3503 1237 3568 Phaenomena
1257 3504 1299 3565 ir-

187 3621 336 3709 repsisse.
372 3620 430 3685 sed
454 3640 519 3684 non
541 3639 652 3685 omues
674 3640 786 3685 uersus
809 3620 903 3686 huius
925 3620 989 3685 loci
1009 3620 1227 3702 Prognosticis
1249 3641 1299 3686 re·

188 3738 366 3803 stituendos
389 3757 461 3803 esse
484 3737 639 3818 existimo,
663 3757 739 3801 nam
755 3740 882 3805 ultimos
897 3747 960 3804 tres
976 3756 1086 3801 eorum
1104 3736 1297 3825 [elli—alr]

179 3857 255 3951 ¹sine
279 3855 377 3920 dubie
399 3855 634 3920 Phaenomenis
657 3856 813 3921 uindicari
836 3875 967 3923 neeesse
990 3861 1048 3938 est,
1073 3856 1100 3919 si
1113 3857 1246 3920 Aratum
1269 3862 1301 3921 et

189 3994 344 4040 conexum
360 3970 589 4038 sententiarum
611 3974 754 4058 respicis,
779 3975 839 4040 nisi
854 3974 936 4041 forte
954 3975 1049 4042 etiam
1065 3996 1095 4039 u.
1111 3981 1174 4045 568
1190 3981 1298 4045 01569

188 4093 351 4161 hocloco
381 4091 516 4157 retinere
547 4096 643 4175 atque
673 4094 796 4175 aliquid
828 4100 925 4159 antea
956 4093 1115 4159 excidisse
1148 4094 1297 4160 arbitrari

188 4212 300 4277 mauis.
1186 4186 1190 4191 ⁵

274 4329 308 4394 Si
331 4327 459 4410 quidem
486 4332 571 4392 recte
600 4326 682 4394 hanc
705 4328 952 4413 descriptionem
979 4329 1088 4395 circuli
1111 4326 1235 4392 zodIaoi
1256 4328 1298 4394 ad
