3254 5202
633 469 868 539 —167-

196 641 246 708 sol
267 642 459 726 ascenderit,
483 626 665 725 duplicatur
680 641 770 706 calor
790 640 891 724 ipsius
908 645 938 705 et
951 640 1108 726 languore
1124 642 1303 710 afficiuntur
1319 653 1345 720 S

196 772 330 835 corpora
350 752 502 816 humana.
537 749 655 815 Sirium
670 748 924 815 illam'uocatam
940 756 1053 833 putant
1074 758 1203 837 propter
1217 752 1306 818 flam-

196 883 269 928 mae
292 860 475 940 candorem,
497 860 607 924 Latini
628 865 736 924 autem
757 858 849 924 illam
871 861 1049 925 caniculam
1072 866 1197 941 uocant,
1220 862 1306 928 unde

196 977 228 1037 et
250 970 321 1036 dies
343 970 541 1036 caniculares
564 969 719 1048 dicuutur,
743 969 828 1051 quia,
851 970 899 1034 sol
922 970 1076 1052 quamdiu
1097 971 1131 1035 in
1153 970 1225 1054 ipsa
1247 977 1305 1052 est,

195 1080 351 1166 pestifera
383 1085 441 1143 est.
480 1080 537 1143 sed
569 1100 628 1162 pro
657 1079 812 1161 qualitate
839 1077 1058 1144 adiacentium
1085 1085 1304 1165 commutatur,
1331 1103 1343 1140 s

195 1209 271 1253 nam
294 1196 351 1253 aut
365 1189 501 1254 uincitur
514 1194 570 1253 aut
592 1189 750 1254 morbosis
764 1189 861 1253 utitur
875 1187 1008 1253 uiribus.
1031 1189 1105 1254 hinc
1128 1195 1184 1269 est,
1208 1191 1304 1271 quod,

196 1319 267 1364 cum
296 1305 382 1363 certo
411 1304 554 1383 tempore
582 1299 681 1363 oritur
687 1351 696 1382 ,
726 1320 791 1364 non
814 1316 940 1380 semper
962 1304 1011 1362 est
1031 1297 1139 1362 noxia.
1175 1298 1304 1380 quidam

196 1426 273 1472 uero
298 1406 406 1472 dicunt
427 1427 500 1472 eam
515 1427 629 1473 canem
651 1407 761 1474 fuisse.
785 1428 880 1491 quem
895 1408 1046 1490 Europae
1070 1427 1142 1472 oum
1165 1407 1304 1474 dracone

195 1516 360 1582 custodem
375 1517 495 1582 datum.
520 1534 603 1597 quae
620 1521 733 1599 postea
748 1519 852 1584 Minos
873 1523 1009 1598 utraque
1032 1517 1165 1599 accepit
1188 1517 1302 1582 eadem

194 1632 308 1710 postea
341 1627 382 1691 ob
412 1624 592 1692 medicinae
629 1646 759 1692 causam
786 1627 932 1692 Procridi
957 1627 991 1691 in
1019 1646 1151 1691 munere
1184 1626 1302 1712 datam,
1319 1650 1343 1689 ιο

196 1755 280 1817 quae
313 1743 426 1820 postea
459 1737 620 1819 Cephalus
652 1743 789 1818 utraque
821 1735 1015 1820 possederit,
1049 1736 1099 1799 uir
1131 1735 1303 1802 Procridis.

282 1905 383 1971 Sirius
406 1906 501 1971 stella
525 1908 629 1972 estin
650 1908 757 1972 medio
781 1913 888 1972 centro
912 1906 1007 1990 caeli,
1038 1906 1082 1971 ad
1108 1926 1203 1989 quam
1232 1917 1342 1982 cuma

196 2017 245 2080 sol
268 2016 450 2081 ascenderit
472 2017 654 2101 duplicatur
669 1998 763 2082 calor‘
773 2017 875 2101 ipsius
898 2021 929 2078 et
950 2015 1106 2097 languore
1122 2015 1305 2080 afficiuntur

195 2145 338 2209 corpora.
372 2125 489 2190 Sirium
512 2131 618 2191 autem
640 2126 731 2190 illam
753 2132 902 2191 uocatam
917 2130 1039 2208 putant,
1061 2131 1192 2210 propter
1213 2122 1304 2188 flam·

194 2256 267 2301 mae
290 2235 472 2312 candorem,
495 2234 601 2298 Latini
623 2244 730 2302 autem
752 2236 842 2300 illam
866 2234 1047 2299 caniculam
1068 2239 1195 2318 uocant,
1218 2233 1305 2299 uude
1319 2264 1343 2301 ιε

194 2347 264 2411 dies
287 2345 488 2410 caniculares
511 2342 669 2408 dicuntur.
703 2344 833 2427 quidam
859 2363 937 2408 uero
967 2341 1133 2423 gentilium
1156 2341 1304 2406 fabulose

195 2455 318 2532 dicunt,
342 2474 411 2517 eam
435 2471 549 2518 canem
570 2450 673 2517 fuisse
696 2458 728 2519 et
749 2453 900 2535 Europae
923 2470 995 2515 cum
1017 2448 1158 2514 dracone
1179 2449 1214 2512 iu
1236 2468 1305 2514 cus-

193 2563 302 2628 todem
318 2562 427 2625 datum
451 2566 484 2624 et
505 2560 618 2626 anue
632 2561 714 2626 inter
736 2569 823 2626 astra
846 2560 1055 2625 conlocatum.
1080 2556 1211 2641 quidam
1225 2577 1303 2622 uero

194 2671 314 2753 dicunt,
342 2670 426 2733 hunc
453 2688 564 2734 canem
588 2670 715 2736 Orionis
741 2670 841 2735 fuisse
870 2674 902 2734 et
929 2688 1000 2732 cum
1026 2686 1065 2732 eo
1087 2667 1121 2731 in
1142 2665 1304 2732 montibus

193 2780 398 2845 uenationem
421 2779 602 2844 exercuisse
631 2786 662 2844 et
687 2800 745 2864 per
768 2778 1003 2844 adsumtionem
1025 2775 1153 2841 Orionis
1175 2774 1208 2839 in
1231 2794 1342 2846 cae-20

193 2889 258 2953 lum
281 2888 366 2953 hunc
389 2908 516 2971 quoque
539 2886 741 2971 adsumptum
764 2888 875 2953 fuisse.
894 2886 996 2969 habet
1011 2892 1117 2951 autem
1138 2886 1250 2951 stellas
1271 2885 1304 2949 in

193 2999 305 3080 lingua
327 3017 434 3076 unam,
459 3017 556 3080 quam
571 2996 687 3062 Sirium
709 3003 742 3064 et
763 3017 876 3063 canem
897 3001 1024 3074 uocant,
1047 3014 1166 3080 magua
1187 2994 1305 3078 quippe

195 3115 243 3174 est
266 3114 297 3173 et
319 3107 498 3192 splendida.
869 3119 871 3122 ⁴

229 3281 376 3349 llangore
400 3285 423 3332 V
445 3276 459 3350 Η
486 3279 678 3333 affitiunturS
702 3277 717 3350 Η
742 3281 759 3334 2
778 3279 887 3349 Syrium
906 3283 999 3333 autem
1022 3283 1045 3330 V
1068 3274 1081 3347 Η
1105 3277 1207 3348 4quia
1226 3281 1341 3350 quous

194 3371 357 3439 quantumS
378 3365 392 3437 Η
412 3368 477 3436 quia
490 3371 622 3437 quantum
641 3373 664 3420 V
682 3366 694 3438 Η
716 3366 781 3436 quia
794 3365 917 3435 quaudiu
931 3367 1008 3422 Solb
1029 3365 1042 3434 Η
1063 3364 1127 3433 quia
1146 3366 1190 3419 sol
1209 3383 1303 3436 quam·

194 3455 240 3509 diu
258 3459 355 3523 scripsi
376 3452 390 3525 Η
409 3455 617 3510 badiacentum
636 3459 658 3507 V
678 3451 692 3523 Η
712 3454 861 3509 6morosis
874 3458 923 3507 SV
942 3451 956 3524 Η
975 3451 1114 3506 morbosis
1134 3453 1148 3502 b
1169 3450 1183 3522 Η
1202 3454 1304 3507 utimur

193 3548 213 3596 S
235 3541 247 3613 Η
267 3545 284 3599 8
303 3558 364 3595 eam
383 3561 430 3594 om.
450 3548 473 3596 V
491 3540 505 3613 Η
526 3559 578 3611 que
598 3545 647 3593 SV
665 3539 679 3612 Η
700 3557 781 3610 quem
800 3545 897 3606 scripsi
918 3538 931 3610 Η
952 3544 968 3595 9
987 3543 1083 3594 custos
1103 3535 1170 3589 data
1187 3542 1232 3590 ast
1248 3544 1270 3592 V
1289 3539 1303 3610 Η

192 3647 263 3717 ut’q3
283 3650 304 3699 S
325 3645 338 3715 Η
360 3662 393 3698 ea
416 3651 439 3698 V
457 3643 471 3715 Η
492 3647 527 3700 10
544 3643 682 3697 Procride
701 3647 722 3696 S
744 3642 757 3713 Η
779 3644 845 3698 dcta
868 3650 890 3696 V
909 3642 923 3714 Η
950 3644 982 3698 11
1001 3647 1118 3713 uterque
1136 3646 1158 3695 S
1178 3641 1191 3713 Η
1218 3618 1303 3714 udque

198 3739 220 3787 V
238 3732 251 3804 Η
272 3731 404 3803 possedit
427 3736 449 3783 V
468 3728 481 3799 Η

228 3838 262 3892 12
283 3835 372 3891 Sirius
392 3838 482 3886 attera
500 3832 510 3884 i
528 3836 713 3900 superscripta
728 3831 765 3885 el
786 3832 798 3903 Η
820 3832 953 3886 Sirius-
964 3835 993 3886 et
1010 3849 1060 3903 per
1078 3832 1176 3887 adsum
1194 3837 1303 3901 scripsit
1318 3834 1342 3886 G

198 3922 247 3978 6⁶²
267 3922 280 3994 Η
302 3925 335 3978 13
348 3922 462 3990 langore
478 3922 501 3972 G
522 3918 535 3989 Η
556 3921 590 3974 14
602 3920 678 3989 syriu
689 3910 716 3973 'G
729 3939 797 3977 corr.
812 3919 961 3988 assyriam
975 3916 1024 3972 0⁶²
1038 3918 1051 3990 Η
1067 3920 1100 3976 15
1112 3920 1185 3974 unde
1199 3926 1228 3975 et
1241 3921 1302 3977 dias

196 4009 273 4065 (3le
295 4009 307 4082 Η
329 4011 364 4065 16
383 4007 480 4061 dicunt
500 4004 590 4059 (ἕψω
616 4004 628 4076 Η
657 4008 692 4063 20
710 4007 896 4061 uenenatiom'r
918 4004 1009 4059 (rapta
1033 4006 1046 4078 Η
1072 4007 1221 4063 adsutione
1243 4010 1267 4062 <r
1288 4008 1301 4080 Η
1341 4062 1342 4066 ,

194 4098 388 4167 adsumptione
405 4093 496 4147 &⁶6⁶²
514 4095 562 4146 buc
582 4098 669 4146 abactio
690 4112 751 4148 uoce
771 4099 859 4162 perpit
881 4078 963 4166 ΟΜΗ
984 4095 1019 4149 22
1037 4094 1131 4164 lingua
1151 4098 1175 4149 G
1195 4094 1208 4166 Η
1229 4095 1303 4165 syriri

196 4185 220 4236 G
240 4183 253 4254 Η
272 4199 372 4253 magua
391 4181 503 4253 quidem
518 4180 595 4236 Galil
617 4180 630 4256 Η
650 4184 685 4240 23
697 4181 840 4256 splendidi
854 4180 904 4235 (ΞΗ
924 4180 938 4254 Η
959 4180 1075 4239 CANIS
1095 4185 1203 4235 adiecta
1215 4183 1303 4250 lipara

194 4269 395 4325 subscribantur
413 4286 502 4322 omues
523 4265 537 4341 Η
1053 4268 1055 4271 ’
