3202 5200
604 545 837 611 -191-

163 727 313 802 surgente
337 718 486 784 oeoidunt
499 718 617 799 Pegasi
640 722 672 784 et
694 716 790 799 eygni
813 714 957 800 reliquae
972 714 1136 797 portiones
1150 717 1273 785 Andro·
1288 722 1314 788 S

163 831 343 911 medaeque
366 834 461 919 eaput
483 826 664 910 Cepheique
686 824 823 908 humeri,
848 831 934 889 setus
957 830 989 889 et
1011 825 1112 890 flexus
1134 826 1273 895 fluminis

152 939 311 1018 ,Eridani3
336 939 478 1003 oriuntur
501 955 638 1001 eoronae
662 935 827 1020 medietas,
851 935 918 998 nixi
941 934 1052 999 dexter
1070 955 1128 1017 pes
1144 944 1176 1003 et
1197 940 1273 1005 boo-

163 1052 212 1113 tes
240 1052 271 1112 et
292 1047 386 1132 hydri
409 1046 569 1139 reliquum
590 1051 719 1127 praeter
742 1046 885 1108 ultimam
909 1046 1045 1110 eandam
1067 1048 1275 1131 eentaurique

59 1158 64 1167 '
163 1177 229 1241 pes,
254 1157 356 1238 quiin
372 1157 445 1238 equi
468 1156 606 1238 speeiem
628 1156 792 1236 figuratur.
817 1155 985 1237 scorpione
1001 1160 1107 1220 autem
1123 1165 1299 1223 nascentes

163 1267 311 1335 ooeidunt
331 1264 558 1330 Andromedae
580 1284 655 1347 pars
677 1263 815 1345 reliqua,
838 1264 914 1327 item
937 1262 1057 1346 Cephei
1079 1286 1166 1349 pars,
1192 1288 1273 1348 quae

163 1381 253 1442 extra
274 1374 555 1458 septentrionalem
579 1374 727 1438 eironlum
751 1372 865 1457 posita,
888 1381 920 1438 et
942 1374 1109 1456 Cassiepia
1130 1380 1163 1440 et
1185 1375 1274 1441 Orio-

162 1486 212 1549 nis
234 1504 319 1567 pars.
354 1482 466 1548 eodem
494 1488 638 1566 tempore
668 1484 810 1547 oriuntur
831 1483 990 1549 Ariadnes
1013 1504 1132 1550 eorona
1154 1491 1221 1552 tota
1243 1494 1275 1552 et

163 1593 267 1678 eapud
290 1594 425 1671 enioohi,
459 1593 525 1657 nixi
552 1613 667 1675 eorpus
690 1613 784 1657 omne
806 1599 931 1676 praeter
954 1594 1113 1659 sinistram
1136 1617 1273 1676 manum,

163 1705 235 1789 ydri
259 1704 362 1769 eauda
389 1704 501 1767 ultima
524 1708 554 1766 et
577 1707 745 1766 centaurus
767 1707 851 1766 totus
872 1711 999 1786 praeter
1020 1703 1142 1786 priores
1163 1706 1272 1788 pedes.
1288 1730 1312 1767 ιο

163 1814 328 1895 sagittario
355 1819 507 1877 nascente
537 1813 689 1896 mergitur
717 1812 814 1876 Orion
850 1820 881 1876 et
914 1814 1059 1878 eanioula
1092 1819 1123 1878 et
1149 1817 1274 1880 eniochi

163 1923 278 2004 pedes,
302 1923 444 1987 oriuntur
466 1943 544 1988 uero
565 1930 650 1988 totns
673 1921 849 2004 ophiuohus
872 1929 903 1987 et
925 1923 991 1987 nixi
1013 1923 1141 1988 sinistra
1160 1946 1274 2007 manus

164 2039 196 2095 et
218 2022 289 2116 lyra
310 2036 377 2096 tota
400 2033 584 2115 Cepheique
607 2033 712 2116 eapud
736 2038 768 2097 et
789 2033 912 2097 humeri
935 2038 966 2096 et
987 2034 1130 2098 oentauri
1152 2036 1274 2118 priores

163 2140 271 2223 pedes.
289 2194 292 2199 .
308 2142 494 2225 oaprieorno
523 2142 643 2208 oriente
672 2143 821 2209 oeeidunt
852 2141 1007 2215 enioohus
1034 2148 1119 2207 totus
1140 2146 1274 2226 eiusque

165 2269 264 2334 capra
285 2257 315 2316 et
337 2253 448 2329 haedi,
476 2251 586 2316 Persei
609 2272 686 2335 pars
713 2252 844 2317 sinistra
873 2260 904 2318 et
932 2255 1070 2337 Argonis
1098 2255 1214 2339 puppis
1242 2259 1273 2319 et
1287 2280 1311 2317 15

163 2358 321 2449 procyon3
355 2363 498 2427 oriuntur·
520 2382 596 2425 uero
621 2382 744 2445 eygnus
768 2367 798 2426 et
821 2363 931 2444 aquila
953 2371 984 2427 et
1006 2365 1122 2446 sagitta
1144 2371 1174 2428 et
1195 2365 1274 2439 alta·

162 2475 255 2557 rium,
274 2472 309 2536 id
324 2477 372 2536 est
386 2470 568 2535 turibulum.
592 2471 726 2551 aquario
742 2472 862 2536 oriente
879 2471 1027 2537 ooeidunt
1042 2473 1184 2537 centauri
1199 2491 1273 2553 pars

74 2576 78 2581 ’
164 2582 290 2665 equina,
313 2581 385 2665 ydri
408 2577 521 2661 eapud,
545 2580 644 2642 oritur
667 2585 699 2643 et
721 2598 823 2660 equus
844 2562 999 2660 Pegasus
1032 2566 1173 2663 piscihus
1196 2581 1273 2645 ortis

164 2690 311 2753 oeoidunt
331 2689 432 2774 ydrus
447 2692 530 2751 totus
547 2692 578 2751 et
601 2684 742 2752 eentauri
764 2710 840 2772 pars
863 2690 985 2771 reliqna
1001 2698 1031 2754 et
1046 2696 1157 2767 orater,
1179 2708 1273 2772 praeu

164 2806 254 2864 terea
275 2801 418 2863 oriuntur
433 2796 656 2862 Andromedae
678 2794 753 2881 pais
776 2799 908 2864 dextera
930 2807 961 2865 et
982 2801 1079 2883 pisois
1101 2800 1311 2866 austrinus..20

165 2909 274 2973 arietis
297 2908 390 2990 signo
413 2912 562 2992 surgente
591 2907 739 2972 oeoidunt
760 2911 859 2992 pedes
883 2911 1035 2975 Centauri
1057 2916 1090 2975 et
1113 2909 1273 2985 altarium,

165 3018 308 3081 oriuntur
330 3037 406 3082 uero
422 3017 650 3083 Andromedae
673 3018 800 3083 sinistra
820 3041 896 3102 pars
919 3027 951 3085 et
965 3021 1075 3084 Persei
1097 3018 1201 3103 oapud
1222 3038 1273 3082 us-

165 3147 227 3209 que
250 3127 293 3192 ad
315 3127 424 3199 aluum
447 3134 478 3193 et
501 3127 654 3193 deltoton.
678 3129 758 3192 tauri
775 3128 866 3212 signo
882 3129 1002 3195 oriente
1026 3128 1174 3194 oeeidunt
1196 3131 1273 3193 boo-

162 3237 203 3302 tis
225 3237 338 3321 pedes,
368 3237 542 3321 ophiuehus
570 3259 591 3302 a
618 3240 753 3321 pedihus
781 3259 884 3333 usque
911 3239 955 3303 ad
983 3259 1104 3319 genua,
1132 3238 1273 3303 oriuntur

163 3354 267 3412 autern
291 3348 350 3413 eeti
366 3368 440 3431 pars
455 3348 580 3429 reliqua
596 3354 628 3412 et
643 3348 769 3413 sinister
785 3348 913 3413 Orionis
928 3370 994 3431 pes.
1018 3349 1154 3430 geminis
1171 3347 1272 3411 orien-
1284 3382 1310 3419 25

198 3586 428 3657 [andromedqu
444 3590 583 3656 eapndtS
607 3585 624 3658 Η
648 3591 664 3643 3
682 3588 783 3640 hoetes
801 3593 822 3639 S
843 3588 856 3658 Η
876 3590 892 3643 5
912 3589 1179 3659 scorpione-pars
1199 3594 1309 3654 quaes
1354 3656 1356 3659 Ι

164 3682 190 3729 in
210 3682 330 3744 marytre
351 3679 455 3727 addidit
476 3677 509 3724 3²
533 3674 546 3744 Η
576 3677 593 3728 8
611 3690 686 3743 pars.
706 3675 854 3744 scorpione
873 3680 966 3730 autem
984 3677 1120 3730 nascente
1140 3671 1273 3726 occidunt

107 3790 110 3793 ·
164 3762 334 3817 andromede
353 3776 418 3832 pars
438 3761 546 3828 reliqua
563 3760 636 3812 Item
656 3761 756 3830 cephei
769 3778 835 3831 pars
854 3780 925 3831 quae
939 3764 971 3815 8¹
992 3762 1004 3831 Η
1026 3760 1271 3829 scorpione—re-

164 3851 239 3920 liqua
258 3854 356 3902 deterrit
372 3846 405 3899 S²
426 3844 439 3916 Η
460 3846 623 3903 adrianesS
643 3845 656 3918 Η
678 3850 711 3902 13
730 3852 791 3901 tota
804 3868 852 3901 om.
867 3853 1024 3900 Martianus
1044 3848 1057 3919 Η
1078 3849 1112 3901 14
1125 3845 1271 3917 Capricor-

164 3939 211 3990 nio
230 3942 251 3989 S
272 3936 288 4007 Η
307 3936 442 3989 enioohus
461 3939 481 3986 S
502 3933 514 4004 Η
536 3935 570 3988 16
587 3928 723 4002 proehion
741 3939 762 3986 S
783 3933 795 4005 Η
817 3936 845 3987 in
864 3935 955 3988 uicem
974 3934 1097 3987 oriuntur
1117 3938 1272 3986 Martianus

165 4023 179 4094 Η
200 4026 233 4079 17
252 4024 324 4077 idern
344 4027 364 4074 S
385 4022 397 4092 Η
418 4022 446 4074 id
466 4027 511 4075 est
528 4025 624 4087 scripsi
648 4020 661 4089 Η
685 4021 714 4074 id
733 4026 778 4075 est
796 4023 945 4076 turibulum
964 4010 1014 4074 ons.
1035 4024 1200 4086 Martianus,
1218 4039 1271 4072 non

164 4113 250 4161 deleri
270 4130 326 4161 rans
344 4111 540 4162 scholiastrrerre
559 4129 594 4160 rrrs
613 4109 720 4160 rior-nra·
739 4114 775 4160 sit
795 4112 923 4162 erroreum·
941 4129 993 4161 rrorr
1013 4113 1114 4178 liqueat
1135 4109 1148 4180 Η
1169 4110 1203 4165 18
1216 4108 1269 4161 ori-

163 4197 209 4246 tur
226 4195 395 4265 ydrikdapud
416 4199 445 4248 et
462 4184 482 4247 S
502 4200 609 4248 curreret
628 4213 663 4246 eor
682 4198 821 4249 Martiano
852 4196 867 4268 Η
896 4198 931 4251 22
950 4196 1109 4266 synistraS
1139 4197 1152 4265 Η
1181 4198 1216 4250 24
1234 4194 1269 4246 ad

165 4296 256 4348 genua
273 4298 361 4350 usque
381 4286 539 4334 Martianus
558 4283 571 4351 Η
827 4336 842 4363 ἦ
