<?xml version="1.0" encoding="UTF-8"?>
<!DOCTYPE html PUBLIC "-//W3C//DTD XHTML 1.0 Transitional//EN"
    "http://www.w3.org/TR/xhtml1/DTD/xhtml1-transitional.dtd">
<html xmlns="http://www.w3.org/1999/xhtml" xml:lang="en" lang="en">
 <head>
  <title>
</title>
<meta http-equiv="Content-Type" content="text/html;charset=utf-8" />
  <meta name='ocr-system' content='tesseract 3.04.00' />
  <meta name='ocr-capabilities' content='ocr_page ocr_carea ocr_par ocr_line ocrx_word'/>
</head>
<body>
  <div class='ocr_page' id='page_1' title='image "./germanicicaesar01breygoog_0263.png"; bbox 0 0 3202 5200; ppageno 0'>
   <div class='ocr_carea' id='block_1_1' title="bbox 791 533 1028 600">
    <p class='ocr_par' dir='ltr' id='par_1_1' title="bbox 791 533 1028 600">
     <span class='ocr_line' id='line_1_1' title="bbox 791 533 1028 600; baseline 0.013 -4"><span class='ocrx_word' id='word_1_1' title='bbox 791 533 1028 600; x_wconf 81' lang='lat'>-210-</span> 
     </span>
    </p>
   </div>
   <div class='ocr_carea' id='block_1_2' title="bbox 317 702 991 774">
    <p class='ocr_par' dir='ltr' id='par_1_2' title="bbox 317 702 991 774">
     <span class='ocr_line' id='line_1_2' title="bbox 317 702 991 774; baseline -0.001 -8"><span class='ocrx_word' id='word_1_2' title='bbox 317 706 343 774; x_wconf 78' lang='lat' dir='ltr'><strong><em>S</em></strong></span> <span class='ocrx_word' id='word_1_3' title='bbox 829 702 991 768; x_wconf 78' lang='lat' dir='ltr'><strong>Eiusdem.</strong></span> 
     </span>
    </p>
   </div>
   <div class='ocr_carea' id='block_1_3' title="bbox 307 832 1496 2891">
    <p class='ocr_par' dir='ltr' id='par_1_3' title="bbox 354 832 1465 1137">
     <span class='ocr_line' id='line_1_3' title="bbox 439 832 1465 918; baseline -0.006 -17"><span class='ocrx_word' id='word_1_4' title='bbox 439 838 522 901; x_wconf 81' lang='lat' dir='ltr'><strong>Ante</strong></span> <span class='ocrx_word' id='word_1_5' title='bbox 549 834 656 899; x_wconf 86' lang='lat' dir='ltr'><strong>omnia</strong></span> <span class='ocrx_word' id='word_1_6' title='bbox 684 840 789 900; x_wconf 84' lang='lat' dir='ltr'><strong>auteur</strong></span> <span class='ocrx_word' id='word_1_7' title='bbox 817 835 880 898; x_wconf 93' lang='lat' dir='ltr'><strong>duo</strong></span> <span class='ocrx_word' id='word_1_8' title='bbox 908 855 1028 918; x_wconf 82' lang='lat' dir='ltr'><strong>genera</strong></span> <span class='ocrx_word' id='word_1_9' title='bbox 1056 855 1126 901; x_wconf 87' lang='lat' dir='ltr'><strong>esse</strong></span> <span class='ocrx_word' id='word_1_10' title='bbox 1154 835 1303 900; x_wconf 83' lang='lat' dir='ltr'><strong>eoelestis</strong></span> <span class='ocrx_word' id='word_1_11' title='bbox 1329 832 1465 897; x_wconf 86' lang='lat' dir='ltr'><strong>iniuriae</strong></span> 
     </span>
     <span class='ocr_line' id='line_1_4' title="bbox 354 943 1465 1037; baseline -0.006 -26"><span class='ocrx_word' id='word_1_12' title='bbox 354 946 537 1011; x_wconf 74' lang='lat' dir='ltr'>meminisse</span> <span class='ocrx_word' id='word_1_13' title='bbox 561 943 728 1037; x_wconf 79' lang='lat' dir='ltr'><strong>debemus:</strong></span> <span class='ocrx_word' id='word_1_14' title='bbox 762 965 860 1008; x_wconf 92' lang='lat' dir='ltr'><strong>unum</strong></span> <span class='ocrx_word' id='word_1_15' title='bbox 889 945 976 1026; x_wconf 86' lang='lat' dir='ltr'><strong>quod</strong></span> <span class='ocrx_word' id='word_1_16' title='bbox 1003 950 1206 1028; x_wconf 87' lang='lat' dir='ltr'><strong>tempestates</strong></span> <span class='ocrx_word' id='word_1_17' title='bbox 1234 963 1402 1019; x_wconf 87' lang='lat' dir='ltr'><strong>uoeamus,</strong></span> <span class='ocrx_word' id='word_1_18' title='bbox 1431 943 1465 1035; x_wconf 89' lang='lat' dir='ltr'><strong>iu</strong></span> 
     </span>
     <span class='ocr_line' id='line_1_5' title="bbox 355 1053 1463 1137; baseline -0.004 -20"><span class='ocrx_word' id='word_1_19' title='bbox 355 1055 470 1137; x_wconf 88' lang='lat' dir='ltr'><strong>quibus</strong></span> <span class='ocrx_word' id='word_1_20' title='bbox 501 1054 675 1136; x_wconf 84' lang='lat' dir='ltr'><strong>grandines</strong></span> <span class='ocrx_word' id='word_1_21' title='bbox 702 1054 867 1137; x_wconf 76' lang='lat' dir='ltr'>procellae</span> <span class='ocrx_word' id='word_1_22' title='bbox 893 1060 1063 1135; x_wconf 82' lang='lat' dir='ltr'><strong>eeterauue</strong></span> <span class='ocrx_word' id='word_1_23' title='bbox 1092 1054 1210 1120; x_wconf 77' lang='lat' dir='ltr'><strong>similia</strong></span> <span class='ocrx_word' id='word_1_24' title='bbox 1236 1053 1463 1133; x_wconf 82' lang='lat' dir='ltr'><strong>intelliguntur,</strong></span> 
     </span>
    </p>

    <p class='ocr_par' dir='ltr' id='par_1_4' title="bbox 330 1161 1496 1686">
     <span class='ocr_line' id='line_1_6' title="bbox 330 1161 1465 1249; baseline 0 -26"><span class='ocrx_word' id='word_1_25' title='bbox 330 1184 440 1246; x_wconf 69' lang='lat' dir='ltr'><strong>equae</strong></span> <span class='ocrx_word' id='word_1_26' title='bbox 463 1184 534 1228; x_wconf 89' lang='lat' dir='ltr'><strong>oum</strong></span> <span class='ocrx_word' id='word_1_27' title='bbox 556 1162 756 1249; x_wconf 79' lang='lat' dir='ltr'><strong>[plenilunio]</strong></span> <span class='ocrx_word' id='word_1_28' title='bbox 774 1163 948 1230; x_wconf 77' lang='lat' dir='ltr'><strong>acciderint</strong></span> <span class='ocrx_word' id='word_1_29' title='bbox 969 1164 1019 1228; x_wconf 90' lang='lat' dir='ltr'><strong>uis</strong></span> <span class='ocrx_word' id='word_1_30' title='bbox 1042 1164 1143 1228; x_wconf 90' lang='lat' dir='ltr'><strong>maior</strong></span> <span class='ocrx_word' id='word_1_31' title='bbox 1165 1162 1354 1246; x_wconf 87' lang='lat' dir='ltr'><strong>appellatur.</strong></span> <span class='ocrx_word' id='word_1_32' title='bbox 1385 1161 1465 1224; x_wconf 89' lang='lat' dir='ltr'><strong>haee</strong></span> 
     </span>
     <span class='ocr_line' id='line_1_7' title="bbox 355 1268 1464 1356; baseline -0.004 -19"><span class='ocrx_word' id='word_1_33' title='bbox 355 1274 396 1338; x_wconf 89' lang='lat' dir='ltr'><strong>ab</strong></span> <span class='ocrx_word' id='word_1_34' title='bbox 419 1272 558 1337; x_wconf 73' lang='lat' dir='ltr'><strong>horridis</strong></span> <span class='ocrx_word' id='word_1_35' title='bbox 580 1268 739 1338; x_wconf 82' lang='lat' dir='ltr'><strong>sideribus</strong></span> <span class='ocrx_word' id='word_1_36' title='bbox 761 1280 887 1351; x_wconf 82' lang='lat' dir='ltr'><strong>exeunt,</strong></span> <span class='ocrx_word' id='word_1_37' title='bbox 911 1280 945 1338; x_wconf 90' lang='lat' dir='ltr'><strong>ut</strong></span> <span class='ocrx_word' id='word_1_38' title='bbox 960 1275 1090 1356; x_wconf 88' lang='lat' dir='ltr'><strong>saepius</strong></span> <span class='ocrx_word' id='word_1_39' title='bbox 1113 1272 1259 1348; x_wconf 85' lang='lat' dir='ltr'><strong>diximus,</strong></span> <span class='ocrx_word' id='word_1_40' title='bbox 1282 1270 1381 1335; x_wconf 89' lang='lat' dir='ltr'><strong>ueluti</strong></span> <span class='ocrx_word' id='word_1_41' title='bbox 1397 1288 1464 1333; x_wconf 86' lang='lat' dir='ltr'><strong>are-</strong></span> 
     </span>
     <span class='ocr_line' id='line_1_8' title="bbox 352 1362 1464 1463; baseline -0.002 -19"><span class='ocrx_word' id='word_1_42' title='bbox 352 1362 567 1448; x_wconf 74' lang='lat' dir='ltr'><strong>turotdrlone</strong></span> <span class='ocrx_word' id='word_1_43' title='bbox 589 1382 711 1448; x_wconf 87' lang='lat' dir='ltr'><strong>haedis.</strong></span> <span class='ocrx_word' id='word_1_44' title='bbox 747 1382 813 1445; x_wconf 90' lang='lat' dir='ltr'><strong>alia</strong></span> <span class='ocrx_word' id='word_1_45' title='bbox 840 1387 913 1446; x_wconf 90' lang='lat' dir='ltr'><strong>suut</strong></span> <span class='ocrx_word' id='word_1_46' title='bbox 940 1381 998 1446; x_wconf 92' lang='lat' dir='ltr'><strong>illa</strong></span> <span class='ocrx_word' id='word_1_47' title='bbox 1025 1402 1107 1463; x_wconf 85' lang='lat' dir='ltr'><strong>quae</strong></span> <span class='ocrx_word' id='word_1_48' title='bbox 1133 1382 1256 1447; x_wconf 84' lang='lat' dir='ltr'><strong>silente</strong></span> <span class='ocrx_word' id='word_1_49' title='bbox 1269 1380 1358 1444; x_wconf 87' lang='lat' dir='ltr'><strong>eaelo</strong></span> <span class='ocrx_word' id='word_1_50' title='bbox 1381 1397 1464 1443; x_wconf 90' lang='lat' dir='ltr'><strong>sere-</strong></span> 
     </span>
     <span class='ocr_line' id='line_1_9' title="bbox 353 1489 1496 1573; baseline -0.004 -18"><span class='ocrx_word' id='word_1_51' title='bbox 353 1491 466 1573; x_wconf 87' lang='lat' dir='ltr'><strong>nisque</strong></span> <span class='ocrx_word' id='word_1_52' title='bbox 488 1492 637 1559; x_wconf 80' lang='lat' dir='ltr'><strong>nostibus</strong></span> <span class='ocrx_word' id='word_1_53' title='bbox 660 1493 751 1569; x_wconf 88' lang='lat' dir='ltr'><strong>liunt,</strong></span> <span class='ocrx_word' id='word_1_54' title='bbox 781 1491 868 1556; x_wconf 91' lang='lat' dir='ltr'><strong>nullo</strong></span> <span class='ocrx_word' id='word_1_55' title='bbox 892 1492 1060 1568; x_wconf 78' lang='lat' dir='ltr'><strong>sentiente,</strong></span> <span class='ocrx_word' id='word_1_56' title='bbox 1089 1491 1149 1555; x_wconf 89' lang='lat' dir='ltr'><strong>nisi</strong></span> <span class='ocrx_word' id='word_1_57' title='bbox 1179 1511 1250 1556; x_wconf 90' lang='lat' dir='ltr'><strong>oum</strong></span> <span class='ocrx_word' id='word_1_58' title='bbox 1277 1489 1360 1553; x_wconf 87' lang='lat' dir='ltr'><strong>faeta</strong></span> <span class='ocrx_word' id='word_1_59' title='bbox 1392 1494 1496 1552; x_wconf 86' lang='lat' dir='ltr'><strong>suut&#39;</strong></span> 
     </span>
     <span class='ocr_line' id='line_1_10' title="bbox 353 1596 1465 1686; baseline -0.004 -22"><span class='ocrx_word' id='word_1_60' title='bbox 353 1601 490 1685; x_wconf 85' lang='lat' dir='ltr'><strong>publiea.</strong></span> <span class='ocrx_word' id='word_1_61' title='bbox 509 1596 545 1665; x_wconf 69' lang='lat' dir='ltr'><strong>‘et</strong></span> <span class='ocrx_word' id='word_1_62' title='bbox 567 1620 706 1683; x_wconf 79' lang='lat' dir='ltr'><strong>magnae</strong></span> <span class='ocrx_word' id='word_1_63' title='bbox 729 1601 929 1665; x_wconf 86' lang='lat' dir='ltr'><strong>differentiae</strong></span> <span class='ocrx_word' id='word_1_64' title='bbox 953 1621 973 1665; x_wconf 86' lang='lat' dir='ltr'><strong>a</strong></span> <span class='ocrx_word' id='word_1_65' title='bbox 994 1601 1166 1686; x_wconf 81' lang='lat' dir='ltr'><strong>prioribus,</strong></span> <span class='ocrx_word' id='word_1_66' title='bbox 1190 1600 1264 1664; x_wconf 86' lang='lat' dir='ltr'><strong>aliis</strong></span> <span class='ocrx_word' id='word_1_67' title='bbox 1286 1598 1465 1678; x_wconf 83' lang='lat' dir='ltr'><strong>robiginem</strong></span> 
     </span>
    </p>

    <p class='ocr_par' dir='ltr' id='par_1_5' title="bbox 319 1706 1465 2009">
     <span class='ocr_line' id='line_1_11' title="bbox 319 1706 1464 1794; baseline -0.003 -21"><span class='ocrx_word' id='word_1_68' title='bbox 319 1710 431 1774; x_wconf 85' lang='lat' dir='ltr'><strong>maliis</strong></span> <span class='ocrx_word' id='word_1_69' title='bbox 446 1709 612 1775; x_wconf 84' lang='lat' dir='ltr'><strong>uredinem</strong></span> <span class='ocrx_word' id='word_1_70' title='bbox 629 1706 702 1774; x_wconf 88' lang='lat' dir='ltr'><strong>aliis</strong></span> <span class='ocrx_word' id='word_1_71' title='bbox 719 1709 943 1775; x_wconf 86' lang='lat' dir='ltr'><strong>oarbuneulum</strong></span> <span class='ocrx_word' id='word_1_72' title='bbox 959 1709 1208 1794; x_wconf 87' lang='lat' dir='ltr'><strong>appellentibus,</strong></span> <span class='ocrx_word' id='word_1_73' title='bbox 1225 1708 1372 1773; x_wconf 88' lang='lat' dir='ltr'><strong>omnibus</strong></span> <span class='ocrx_word' id='word_1_74' title='bbox 1387 1726 1464 1772; x_wconf 88' lang='lat' dir='ltr'><strong>uero</strong></span> 
     </span>
     <span class='ocr_line' id='line_1_12' title="bbox 355 1806 1465 1911; baseline -0.001 -30"><span class='ocrx_word' id='word_1_75' title='bbox 355 1817 564 1911; x_wconf 83' lang='lat' dir='ltr'><strong>sterilitatem.</strong></span> <span class='ocrx_word' id='word_1_76' title='bbox 599 1818 640 1884; x_wconf 87' lang='lat' dir='ltr'><strong>de</strong></span> <span class='ocrx_word' id='word_1_77' title='bbox 662 1806 713 1884; x_wconf 84' lang='lat' dir='ltr'><strong>liis</strong></span> <span class='ocrx_word' id='word_1_78' title='bbox 735 1839 820 1883; x_wconf 91' lang='lat' dir='ltr'><strong>nuno</strong></span> <span class='ocrx_word' id='word_1_79' title='bbox 842 1818 985 1884; x_wconf 83' lang='lat' dir='ltr'><strong>dieamus</strong></span> <span class='ocrx_word' id='word_1_80' title='bbox 1007 1839 1028 1883; x_wconf 90' lang='lat' dir='ltr'><strong>a</strong></span> <span class='ocrx_word' id='word_1_81' title='bbox 1050 1820 1137 1883; x_wconf 93' lang='lat' dir='ltr'><strong>nullo</strong></span> <span class='ocrx_word' id='word_1_82' title='bbox 1161 1825 1235 1884; x_wconf 89' lang='lat' dir='ltr'><strong>auto</strong></span> <span class='ocrx_word' id='word_1_83' title='bbox 1257 1840 1316 1883; x_wconf 90' lang='lat' dir='ltr'><strong>uos</strong></span> <span class='ocrx_word' id='word_1_84' title='bbox 1338 1817 1465 1902; x_wconf 85' lang='lat' dir='ltr'><strong>prodita</strong></span> 
     </span>
     <span class='ocr_line' id='line_1_13' title="bbox 355 1927 851 2009; baseline 0.004 -20"><span class='ocrx_word' id='word_1_85' title='bbox 355 1927 507 2009; x_wconf 86' lang='lat' dir='ltr'><strong>priusque</strong></span> <span class='ocrx_word' id='word_1_86' title='bbox 531 1946 647 1995; x_wconf 87' lang='lat' dir='ltr'><strong>eausas</strong></span> <span class='ocrx_word' id='word_1_87' title='bbox 670 1928 851 1995; x_wconf 89' lang='lat' dir='ltr'><strong>reddemus.</strong></span> 
     </span>
    </p>

    <p class='ocr_par' dir='ltr' id='par_1_6' title="bbox 356 2038 1464 2232">
     <span class='ocr_line' id='line_1_14' title="bbox 440 2038 1464 2123; baseline -0.001 -23"><span class='ocrx_word' id='word_1_88' title='bbox 440 2038 533 2103; x_wconf 90' lang='lat' dir='ltr'><strong>Duae</strong></span> <span class='ocrx_word' id='word_1_89' title='bbox 557 2045 631 2104; x_wconf 90' lang='lat' dir='ltr'><strong>suut</strong></span> <span class='ocrx_word' id='word_1_90' title='bbox 655 2045 786 2123; x_wconf 90' lang='lat' dir='ltr'><strong>praeter</strong></span> <span class='ocrx_word' id='word_1_91' title='bbox 811 2041 955 2104; x_wconf 88' lang='lat' dir='ltr'><strong>lunarem</strong></span> <span class='ocrx_word' id='word_1_92' title='bbox 982 2038 1158 2121; x_wconf 87' lang='lat' dir='ltr'><strong>paueisque</strong></span> <span class='ocrx_word' id='word_1_93' title='bbox 1180 2039 1261 2103; x_wconf 90' lang='lat' dir='ltr'><strong>eaeli</strong></span> <span class='ocrx_word' id='word_1_94' title='bbox 1283 2038 1362 2102; x_wconf 90' lang='lat' dir='ltr'><strong>loeis</strong></span> <span class='ocrx_word' id='word_1_95' title='bbox 1390 2056 1464 2101; x_wconf 90' lang='lat' dir='ltr'><strong>oon-</strong></span> 
     </span>
     <span class='ocr_line' id='line_1_15' title="bbox 356 2147 1464 2232; baseline -0.003 -20"><span class='ocrx_word' id='word_1_96' title='bbox 356 2152 450 2212; x_wconf 86' lang='lat' dir='ltr'><strong>staut.</strong></span> <span class='ocrx_word' id='word_1_97' title='bbox 472 2168 611 2230; x_wconf 87' lang='lat' dir='ltr'><strong>namque</strong></span> <span class='ocrx_word' id='word_1_98' title='bbox 633 2148 787 2232; x_wconf 83' lang='lat' dir='ltr'><strong>uergiliae</strong></span> <span class='ocrx_word' id='word_1_99' title='bbox 811 2148 960 2231; x_wconf 90' lang='lat' dir='ltr'><strong>priuatim</strong></span> <span class='ocrx_word' id='word_1_100' title='bbox 976 2149 1110 2213; x_wconf 85' lang='lat' dir='ltr'><strong>attinent</strong></span> <span class='ocrx_word' id='word_1_101' title='bbox 1125 2147 1167 2212; x_wconf 89' lang='lat' dir='ltr'><strong>ad</strong></span> <span class='ocrx_word' id='word_1_102' title='bbox 1182 2149 1313 2224; x_wconf 86' lang='lat' dir='ltr'><strong>fruetus,</strong></span> <span class='ocrx_word' id='word_1_103' title='bbox 1337 2153 1371 2212; x_wconf 92' lang='lat' dir='ltr'><strong>ut</strong></span> <span class='ocrx_word' id='word_1_104' title='bbox 1385 2166 1464 2228; x_wconf 86' lang='lat' dir='ltr'><strong>qua-</strong></span> 
     </span>
    </p>

    <p class='ocr_par' dir='ltr' id='par_1_7' title="bbox 318 2255 1464 2670">
     <span class='ocr_line' id='line_1_16' title="bbox 318 2255 1463 2341; baseline -0.004 -17"><span class='ocrx_word' id='word_1_105' title='bbox 318 2287 341 2324; x_wconf 81' lang='lat' dir='ltr'><strong>u</strong></span> <span class='ocrx_word' id='word_1_106' title='bbox 354 2278 423 2320; x_wconf 94' lang='lat' dir='ltr'><strong>rum</strong></span> <span class='ocrx_word' id='word_1_107' title='bbox 451 2264 563 2323; x_wconf 73' lang='lat' dir='ltr'><strong>exortu</strong></span> <span class='ocrx_word' id='word_1_108' title='bbox 592 2264 697 2322; x_wconf 86' lang='lat' dir='ltr'><strong>aestas</strong></span> <span class='ocrx_word' id='word_1_109' title='bbox 725 2257 869 2341; x_wconf 88' lang='lat' dir='ltr'><strong>iuoipiat,</strong></span> <span class='ocrx_word' id='word_1_110' title='bbox 900 2277 1018 2322; x_wconf 85' lang='lat' dir='ltr'><strong>oeeasu</strong></span> <span class='ocrx_word' id='word_1_111' title='bbox 1040 2255 1157 2340; x_wconf 83' lang='lat' dir='ltr'><strong>hiems,</strong></span> <span class='ocrx_word' id='word_1_112' title='bbox 1191 2258 1336 2323; x_wconf 82' lang='lat' dir='ltr'><strong>semestri</strong></span> <span class='ocrx_word' id='word_1_113' title='bbox 1358 2256 1463 2340; x_wconf 87' lang='lat' dir='ltr'><strong>spatio</strong></span> 
     </span>
     <span class='ocr_line' id='line_1_17' title="bbox 352 2366 1464 2449; baseline -0.003 -16"><span class='ocrx_word' id='word_1_114' title='bbox 352 2367 436 2433; x_wconf 89' lang='lat' dir='ltr'><strong>intra</strong></span> <span class='ocrx_word' id='word_1_115' title='bbox 465 2386 502 2432; x_wconf 89' lang='lat' dir='ltr'><strong>se</strong></span> <span class='ocrx_word' id='word_1_116' title='bbox 526 2387 648 2432; x_wconf 87' lang='lat' dir='ltr'><strong>messes</strong></span> <span class='ocrx_word' id='word_1_117' title='bbox 670 2366 915 2449; x_wconf 88' lang='lat' dir='ltr'><strong>uindemiasque</strong></span> <span class='ocrx_word' id='word_1_118' title='bbox 938 2373 970 2432; x_wconf 93' lang='lat' dir='ltr'><strong>et</strong></span> <span class='ocrx_word' id='word_1_119' title='bbox 991 2368 1132 2431; x_wconf 89' lang='lat' dir='ltr'><strong>omniurn</strong></span> <span class='ocrx_word' id='word_1_120' title='bbox 1154 2369 1366 2434; x_wconf 84' lang='lat' dir='ltr'><strong>maturitatem</strong></span> <span class='ocrx_word' id='word_1_121' title='bbox 1388 2387 1464 2431; x_wconf 91' lang='lat' dir='ltr'><strong>eon-</strong></span> 
     </span>
     <span class='ocr_line' id='line_1_18' title="bbox 353 2476 1463 2561; baseline 0 -21"><span class='ocrx_word' id='word_1_122' title='bbox 353 2478 519 2560; x_wconf 82' lang='lat' dir='ltr'><strong>pleeteute.</strong></span> <span class='ocrx_word' id='word_1_123' title='bbox 556 2484 604 2542; x_wconf 91' lang='lat' dir='ltr'><strong>est</strong></span> <span class='ocrx_word' id='word_1_124' title='bbox 631 2483 797 2561; x_wconf 88' lang='lat' dir='ltr'><strong>praeterea</strong></span> <span class='ocrx_word' id='word_1_125' title='bbox 819 2476 852 2540; x_wconf 93' lang='lat' dir='ltr'><strong>in</strong></span> <span class='ocrx_word' id='word_1_126' title='bbox 874 2478 965 2543; x_wconf 87' lang='lat' dir='ltr'><strong>eaelo</strong></span> <span class='ocrx_word' id='word_1_127' title='bbox 989 2478 1043 2560; x_wconf 92' lang='lat' dir='ltr'><strong>qui</strong></span> <span class='ocrx_word' id='word_1_128' title='bbox 1065 2484 1197 2542; x_wconf 86' lang='lat' dir='ltr'><strong>uooatur</strong></span> <span class='ocrx_word' id='word_1_129' title='bbox 1218 2478 1342 2543; x_wconf 89' lang='lat' dir='ltr'><strong>laoteus</strong></span> <span class='ocrx_word' id='word_1_130' title='bbox 1365 2479 1463 2542; x_wconf 88' lang='lat' dir='ltr'><strong>oireu-</strong></span> 
     </span>
     <span class='ocr_line' id='line_1_19' title="bbox 344 2585 1463 2670; baseline -0.001 -20"><span class='ocrx_word' id='word_1_131' title='bbox 344 2588 414 2665; x_wconf 78' lang='lat' dir='ltr'><strong>lus,</strong></span> <span class='ocrx_word' id='word_1_132' title='bbox 436 2588 533 2657; x_wconf 79' lang='lat' dir='ltr'><strong>etiam</strong></span> <span class='ocrx_word' id='word_1_133' title='bbox 556 2587 627 2651; x_wconf 89' lang='lat' dir='ltr'><strong>uisu</strong></span> <span class='ocrx_word' id='word_1_134' title='bbox 649 2585 763 2652; x_wconf 82' lang='lat' dir='ltr'><strong>faeilis.</strong></span> <span class='ocrx_word' id='word_1_135' title='bbox 787 2585 882 2651; x_wconf 90' lang='lat' dir='ltr'><strong>huius</strong></span> <span class='ocrx_word' id='word_1_136' title='bbox 899 2586 1038 2653; x_wconf 86' lang='lat' dir='ltr'><strong>defluuio</strong></span> <span class='ocrx_word' id='word_1_137' title='bbox 1055 2587 1152 2652; x_wconf 89' lang='lat' dir='ltr'><strong>uelud</strong></span> <span class='ocrx_word' id='word_1_138' title='bbox 1173 2608 1212 2651; x_wconf 80' lang='lat' dir='ltr'><strong>ex</strong></span> <span class='ocrx_word' id='word_1_139' title='bbox 1234 2589 1333 2653; x_wconf 87' lang='lat' dir='ltr'><strong>ubere</strong></span> <span class='ocrx_word' id='word_1_140' title='bbox 1354 2588 1463 2670; x_wconf 82' lang='lat' dir='ltr'><strong>aliquo</strong></span> 
     </span>
    </p>

    <p class='ocr_par' dir='ltr' id='par_1_8' title="bbox 307 2696 1464 2773">
     <span class='ocr_line' id='line_1_20' title="bbox 307 2696 1464 2773; baseline -0.003 -11"><span class='ocrx_word' id='word_1_141' title='bbox 307 2714 310 2719; x_wconf 73' lang='grc'><em>’</em></span> <span class='ocrx_word' id='word_1_142' title='bbox 351 2703 425 2762; x_wconf 86' lang='lat' dir='ltr'><strong>sata</strong></span> <span class='ocrx_word' id='word_1_143' title='bbox 444 2704 560 2763; x_wconf 87' lang='lat' dir='ltr'><strong>ounuta</strong></span> <span class='ocrx_word' id='word_1_144' title='bbox 583 2697 773 2773; x_wconf 87' lang='lat' dir='ltr'><strong>laoteseunt,</strong></span> <span class='ocrx_word' id='word_1_145' title='bbox 801 2696 935 2760; x_wconf 92' lang='lat' dir='ltr'><strong>duorum</strong></span> <span class='ocrx_word' id='word_1_146' title='bbox 964 2698 1104 2762; x_wconf 88' lang='lat' dir='ltr'><strong>siderum</strong></span> <span class='ocrx_word' id='word_1_147' title='bbox 1127 2696 1350 2761; x_wconf 88' lang='lat' dir='ltr'><strong>obseruatione</strong></span> <span class='ocrx_word' id='word_1_148' title='bbox 1371 2701 1464 2760; x_wconf 82' lang='lat' dir='ltr'><strong>nota-</strong></span> 
     </span>
    </p>

    <p class='ocr_par' dir='ltr' id='par_1_9' title="bbox 314 2805 1463 2891">
     <span class='ocr_line' id='line_1_21' title="bbox 314 2805 1463 2891; baseline -0.004 -18"><span class='ocrx_word' id='word_1_149' title='bbox 314 2834 341 2873; x_wconf 81' lang='lat' dir='ltr'><strong>m</strong></span> <span class='ocrx_word' id='word_1_150' title='bbox 352 2807 436 2891; x_wconf 87' lang='lat' dir='ltr'><strong>bilis,</strong></span> <span class='ocrx_word' id='word_1_151' title='bbox 460 2807 591 2889; x_wconf 76' lang='lat' dir='ltr'><strong>aquilae</strong></span> <span class='ocrx_word' id='word_1_152' title='bbox 605 2808 638 2870; x_wconf 90' lang='lat' dir='ltr'><strong>iu</strong></span> <span class='ocrx_word' id='word_1_153' title='bbox 654 2805 896 2888; x_wconf 88' lang='lat' dir='ltr'><strong>septentrionali</strong></span> <span class='ocrx_word' id='word_1_154' title='bbox 914 2812 1004 2889; x_wconf 87' lang='lat' dir='ltr'><strong>parte</strong></span> <span class='ocrx_word' id='word_1_155' title='bbox 1021 2812 1053 2872; x_wconf 89' lang='lat' dir='ltr'><strong>et</strong></span> <span class='ocrx_word' id='word_1_156' title='bbox 1074 2807 1107 2870; x_wconf 91' lang='lat' dir='ltr'><strong>iu</strong></span> <span class='ocrx_word' id='word_1_157' title='bbox 1129 2806 1271 2870; x_wconf 85' lang='lat' dir='ltr'><strong>austrina</strong></span> <span class='ocrx_word' id='word_1_158' title='bbox 1285 2805 1463 2883; x_wconf 83' lang='lat' dir='ltr'><strong>eanioulae&#39;,</strong></span> 
     </span>
    </p>
   </div>
   <div class='ocr_carea' id='block_1_4' title="bbox 269 3011 1464 3875">
    <p class='ocr_par' dir='ltr' id='par_1_10' title="bbox 314 3011 1463 3261">
     <span class='ocr_line' id='line_1_22' title="bbox 314 3011 1463 3083; baseline -0.002 -17"><span class='ocrx_word' id='word_1_159' title='bbox 314 3018 335 3066; x_wconf 83' lang='lat' dir='ltr'><em>S</em></span> <span class='ocrx_word' id='word_1_160' title='bbox 389 3015 404 3066; x_wconf 93' lang='lat'>1</span> <span class='ocrx_word' id='word_1_161' title='bbox 423 3014 693 3065; x_wconf 67' lang='lat' dir='ltr'><strong>strativum</strong></span> <span class='ocrx_word' id='word_1_162' title='bbox 712 3011 726 3081; x_wconf 99' lang='grc' dir='ltr'>Η</span> <span class='ocrx_word' id='word_1_163' title='bbox 746 3012 763 3066; x_wconf 79' lang='lat'><strong>2</strong></span> <span class='ocrx_word' id='word_1_164' title='bbox 782 3011 838 3065; x_wconf 94' lang='lat' dir='ltr'><strong>duo</strong></span> <span class='ocrx_word' id='word_1_165' title='bbox 857 3026 921 3065; x_wconf 86' lang='lat' dir='ltr'><strong>esse</strong></span> <span class='ocrx_word' id='word_1_166' title='bbox 940 3012 1051 3067; x_wconf 82' lang='lat' dir='ltr'><strong>nomina</strong></span> <span class='ocrx_word' id='word_1_167' title='bbox 1068 3017 1107 3064; x_wconf 81' lang='lat' dir='ltr'><strong>Va</strong></span> <span class='ocrx_word' id='word_1_168' title='bbox 1127 3011 1140 3082; x_wconf 97' lang='grc' dir='ltr'>Η</span> <span class='ocrx_word' id='word_1_169' title='bbox 1160 3015 1178 3068; x_wconf 88' lang='grc'>4</span> <span class='ocrx_word' id='word_1_170' title='bbox 1196 3012 1395 3083; x_wconf 82' lang='lat' dir='ltr'><strong>intelleguntur</strong></span> <span class='ocrx_word' id='word_1_171' title='bbox 1408 3016 1463 3064; x_wconf 71' lang='lat' dir='ltr'><strong>Pti-</strong></span> 
     </span>
     <span class='ocr_line' id='line_1_23' title="bbox 351 3086 1462 3172; baseline 0.001 -19"><span class='ocrx_word' id='word_1_172' title='bbox 351 3105 412 3153; x_wconf 81' lang='lat' dir='ltr'><strong>alus</strong></span> <span class='ocrx_word' id='word_1_173' title='bbox 433 3096 445 3167; x_wconf 84' lang='grc' dir='ltr'><strong>ΙΙ</strong></span> <span class='ocrx_word' id='word_1_174' title='bbox 466 3086 490 3153; x_wconf 81' lang='lat'><strong>5&#39;</strong></span> <span class='ocrx_word' id='word_1_175' title='bbox 503 3099 716 3167; x_wconf 74' lang='lat' dir='ltr'><strong>quae-maior</strong></span> <span class='ocrx_word' id='word_1_176' title='bbox 735 3104 818 3154; x_wconf 73' lang='lat' dir='ltr'><strong>onus</strong></span> <span class='ocrx_word' id='word_1_177' title='bbox 839 3098 851 3170; x_wconf 90' lang='grc' dir='ltr'>Η</span> <span class='ocrx_word' id='word_1_178' title='bbox 871 3098 1024 3168; x_wconf 87' lang='lat' dir='ltr'><strong>plenilunio</strong></span> <span class='ocrx_word' id='word_1_179' title='bbox 1049 3101 1085 3152; x_wconf 77' lang='lat' dir='ltr'><strong>Vt</strong></span> <span class='ocrx_word' id='word_1_180' title='bbox 1105 3119 1153 3153; x_wconf 84' lang='lat' dir='ltr'><strong>om.</strong></span> <span class='ocrx_word' id='word_1_181' title='bbox 1170 3105 1272 3154; x_wconf 76' lang='lat' dir='ltr'><strong>Plinius</strong></span> <span class='ocrx_word' id='word_1_182' title='bbox 1291 3105 1377 3154; x_wconf 66' lang='lat' dir='ltr'><strong>(telesti</strong></span> <span class='ocrx_word' id='word_1_183' title='bbox 1398 3098 1411 3172; x_wconf 86' lang='grc' dir='ltr'>Η</span> <span class='ocrx_word' id='word_1_184' title='bbox 1432 3102 1462 3154; x_wconf 89' lang='lat' dir='ltr'><strong>ui</strong></span> 
     </span>
     <span class='ocr_line' id='line_1_24' title="bbox 351 3172 1461 3261; baseline -0.001 -22"><span class='ocrx_word' id='word_1_185' title='bbox 351 3172 456 3239; x_wconf 81' lang='lat' dir='ltr'><strong>maiore</strong></span> <span class='ocrx_word' id='word_1_186' title='bbox 473 3186 510 3237; x_wconf 81' lang='lat' dir='ltr'><strong>Vt</strong></span> <span class='ocrx_word' id='word_1_187' title='bbox 531 3184 544 3255; x_wconf 95' lang='grc' dir='ltr'>Η</span> <span class='ocrx_word' id='word_1_188' title='bbox 565 3178 608 3239; x_wconf 91' lang='lat' dir='ltr'><strong>uis</strong></span> <span class='ocrx_word' id='word_1_189' title='bbox 627 3185 835 3241; x_wconf 70' lang='lat' dir='ltr'><strong>maiorl&#39;liutes</strong></span> <span class='ocrx_word' id='word_1_190' title='bbox 854 3191 889 3254; x_wconf 74' lang='lat' dir='ltr'><strong>of.</strong></span> <span class='ocrx_word' id='word_1_191' title='bbox 905 3188 1142 3253; x_wconf 71' lang='lat' dir='ltr'><strong>d&#39;olrturotln17,1</strong></span> <span class='ocrx_word' id='word_1_192' title='bbox 1165 3187 1179 3259; x_wconf 93' lang='grc' dir='ltr'>Η</span> <span class='ocrx_word' id='word_1_193' title='bbox 1199 3189 1377 3261; x_wconf 88' lang='lat' dir='ltr'><strong>impelluntur</strong></span> <span class='ocrx_word' id='word_1_194' title='bbox 1394 3190 1430 3240; x_wconf 80' lang='lat' dir='ltr'><strong>Vt</strong></span> <span class='ocrx_word' id='word_1_195' title='bbox 1449 3188 1461 3259; x_wconf 96' lang='grc' dir='ltr'>Η</span> 
     </span>
    </p>

    <p class='ocr_par' dir='ltr' id='par_1_11' title="bbox 269 3273 1460 3347">
     <span class='ocr_line' id='line_1_25' title="bbox 269 3273 1460 3347; baseline -0.001 -19"><span class='ocrx_word' id='word_1_196' title='bbox 269 3334 271 3339; x_wconf 17' lang='grc'><strong><em>4</em></strong></span> <span class='ocrx_word' id='word_1_197' title='bbox 352 3276 368 3328; x_wconf 89' lang='lat'><strong>6</strong></span> <span class='ocrx_word' id='word_1_198' title='bbox 387 3273 526 3327; x_wconf 84' lang='lat' dir='ltr'><strong>sideribus</strong></span> <span class='ocrx_word' id='word_1_199' title='bbox 545 3273 647 3326; x_wconf 85' lang='lat' dir='ltr'><strong>exoriri</strong></span> <span class='ocrx_word' id='word_1_200' title='bbox 666 3273 780 3340; x_wconf 84' lang='lat' dir='ltr'><strong>(exoriri</strong></span> <span class='ocrx_word' id='word_1_201' title='bbox 799 3292 834 3325; x_wconf 75' lang='lat' dir='ltr'><strong>eu</strong></span> <span class='ocrx_word' id='word_1_202' title='bbox 847 3276 927 3341; x_wconf 79' lang='lat' dir='ltr'><strong>corr.)</strong></span> <span class='ocrx_word' id='word_1_203' title='bbox 946 3279 967 3326; x_wconf 86' lang='lat' dir='ltr'><strong><em>S</em></strong></span> <span class='ocrx_word' id='word_1_204' title='bbox 993 3273 1005 3345; x_wconf 95' lang='grc' dir='ltr'>Η</span> <span class='ocrx_word' id='word_1_205' title='bbox 1031 3276 1046 3329; x_wconf 83' lang='grc'>7</span> <span class='ocrx_word' id='word_1_206' title='bbox 1066 3276 1163 3329; x_wconf 88' lang='lat' dir='ltr'><strong>oriona</strong></span> <span class='ocrx_word' id='word_1_207' title='bbox 1181 3281 1201 3329; x_wconf 85' lang='grc'><em>8</em></span> <span class='ocrx_word' id='word_1_208' title='bbox 1223 3276 1235 3347; x_wconf 92' lang='grc' dir='ltr'>Η</span> <span class='ocrx_word' id='word_1_209' title='bbox 1256 3277 1364 3331; x_wconf 85' lang='lat' dir='ltr'><strong>serenis</strong></span> <span class='ocrx_word' id='word_1_210' title='bbox 1381 3278 1425 3328; x_wconf 77' lang='lat' dir='ltr'><strong>Vb</strong></span> <span class='ocrx_word' id='word_1_211' title='bbox 1446 3275 1460 3346; x_wconf 96' lang='grc' dir='ltr'>Η</span> 
     </span>
    </p>

    <p class='ocr_par' dir='ltr' id='par_1_12' title="bbox 353 3358 1463 3434">
     <span class='ocr_line' id='line_1_26' title="bbox 353 3358 1463 3434; baseline 0.001 -19"><span class='ocrx_word' id='word_1_212' title='bbox 353 3363 371 3415; x_wconf 84' lang='grc'><em>8</em></span> <span class='ocrx_word' id='word_1_213' title='bbox 384 3362 438 3413; x_wconf 88' lang='lat' dir='ltr'><strong>nisi</strong></span> <span class='ocrx_word' id='word_1_214' title='bbox 452 3377 514 3415; x_wconf 88' lang='lat' dir='ltr'><strong>eum</strong></span> <span class='ocrx_word' id='word_1_215' title='bbox 526 3360 602 3414; x_wconf 85' lang='lat' dir='ltr'><strong>faeta</strong></span> <span class='ocrx_word' id='word_1_216' title='bbox 617 3364 682 3413; x_wconf 90' lang='lat' dir='ltr'><strong>sunt</strong></span> <span class='ocrx_word' id='word_1_217' title='bbox 692 3399 698 3412; x_wconf 93' lang='lat'>.</span> <span class='ocrx_word' id='word_1_218' title='bbox 709 3358 823 3428; x_wconf 90' lang='lat' dir='ltr'><strong>publiea</strong></span> <span class='ocrx_word' id='word_1_219' title='bbox 834 3359 912 3425; x_wconf 84' lang='lat' dir='ltr'><strong>haee,</strong></span> <span class='ocrx_word' id='word_1_220' title='bbox 933 3361 983 3415; x_wconf 88' lang='lat' dir='ltr'><strong>sed</strong></span> <span class='ocrx_word' id='word_1_221' title='bbox 998 3366 1027 3415; x_wconf 89' lang='lat' dir='ltr'><strong>et</strong></span> <span class='ocrx_word' id='word_1_222' title='bbox 1038 3379 1155 3431; x_wconf 84' lang='lat' dir='ltr'><strong>magnae</strong></span> <span class='ocrx_word' id='word_1_223' title='bbox 1169 3368 1271 3417; x_wconf 75' lang='lat' dir='ltr'><strong>Plinius</strong></span> <span class='ocrx_word' id='word_1_224' title='bbox 1285 3361 1299 3434; x_wconf 94' lang='grc' dir='ltr'>Η</span> <span class='ocrx_word' id='word_1_225' title='bbox 1313 3367 1330 3419; x_wconf 89' lang='grc'><strong>9</strong></span> <span class='ocrx_word' id='word_1_226' title='bbox 1342 3379 1463 3432; x_wconf 80' lang='lat' dir='ltr'><strong>magnae</strong></span> 
     </span>
    </p>

    <p class='ocr_par' dir='ltr' id='par_1_13' title="bbox 353 3446 1464 3523">
     <span class='ocr_line' id='line_1_27' title="bbox 353 3446 1464 3523; baseline 0 -22"><span class='ocrx_word' id='word_1_227' title='bbox 353 3451 417 3501; x_wconf 88' lang='lat' dir='ltr'><strong>sunt</strong></span> <span class='ocrx_word' id='word_1_228' title='bbox 439 3448 475 3500; x_wconf 83' lang='lat' dir='ltr'><strong>Vb</strong></span> <span class='ocrx_word' id='word_1_229' title='bbox 495 3447 511 3523; x_wconf 93' lang='grc' dir='ltr'>Η</span> <span class='ocrx_word' id='word_1_230' title='bbox 529 3450 563 3504; x_wconf 93' lang='grc'><strong>10</strong></span> <span class='ocrx_word' id='word_1_231' title='bbox 581 3446 709 3502; x_wconf 82' lang='lat' dir='ltr'><strong>eanieulr&#39;r</strong></span> <span class='ocrx_word' id='word_1_232' title='bbox 727 3446 935 3516; x_wconf 81' lang='lat' dir='ltr'><strong>appellentibus</strong></span> <span class='ocrx_word' id='word_1_233' title='bbox 955 3452 976 3499; x_wconf 97' lang='grc'><em>8</em></span> <span class='ocrx_word' id='word_1_234' title='bbox 996 3448 1010 3519; x_wconf 94' lang='grc' dir='ltr'>Η</span> <span class='ocrx_word' id='word_1_235' title='bbox 1031 3449 1178 3518; x_wconf 81' lang='lat' dir='ltr'><strong>caliginem</strong></span> <span class='ocrx_word' id='word_1_236' title='bbox 1197 3451 1405 3523; x_wconf 84' lang='lat' dir='ltr'><strong>impellentibus</strong></span> <span class='ocrx_word' id='word_1_237' title='bbox 1424 3452 1464 3502; x_wconf 77' lang='lat' dir='ltr'><strong>Vt</strong></span> 
     </span>
    </p>

    <p class='ocr_par' dir='ltr' id='par_1_14' title="bbox 352 3533 1464 3607">
     <span class='ocr_line' id='line_1_28' title="bbox 352 3533 1464 3607; baseline 0.003 -19"><span class='ocrx_word' id='word_1_238' title='bbox 352 3535 365 3604; x_wconf 93' lang='grc' dir='ltr'>Η</span> <span class='ocrx_word' id='word_1_239' title='bbox 394 3535 589 3588; x_wconf 85' lang='lat' dir='ltr'><strong>carbunculum</strong></span> <span class='ocrx_word' id='word_1_240' title='bbox 608 3539 712 3587; x_wconf 77' lang='lat' dir='ltr'><strong>Pilutus</strong></span> <span class='ocrx_word' id='word_1_241' title='bbox 737 3533 750 3605; x_wconf 96' lang='grc' dir='ltr'>Η</span> <span class='ocrx_word' id='word_1_242' title='bbox 776 3535 808 3588; x_wconf 94' lang='grc'><strong>11</strong></span> <span class='ocrx_word' id='word_1_243' title='bbox 829 3533 1027 3606; x_wconf 83' lang='lat' dir='ltr'><strong>dicemusque</strong></span> <span class='ocrx_word' id='word_1_244' title='bbox 1047 3538 1129 3607; x_wconf 79' lang='lat' dir='ltr'><strong>(quae</strong></span> <span class='ocrx_word' id='word_1_245' title='bbox 1149 3540 1175 3605; x_wconf 83' lang='lat' dir='ltr'><strong>t)</strong></span> <span class='ocrx_word' id='word_1_246' title='bbox 1195 3543 1259 3593; x_wconf 84' lang='lat' dir='ltr'><strong>unte</strong></span> <span class='ocrx_word' id='word_1_247' title='bbox 1278 3555 1329 3593; x_wconf 89' lang='lat' dir='ltr'><strong>uos</strong></span> <span class='ocrx_word' id='word_1_248' title='bbox 1350 3538 1464 3591; x_wconf 80' lang='lat' dir='ltr'><strong>anullo</strong></span> 
     </span>
    </p>

    <p class='ocr_par' dir='ltr' id='par_1_15' title="bbox 352 3621 1463 3698">
     <span class='ocr_line' id='line_1_29' title="bbox 352 3621 1463 3698; baseline 0.003 -22"><span class='ocrx_word' id='word_1_249' title='bbox 352 3627 417 3676; x_wconf 87' lang='lat' dir='ltr'><strong>sunt</strong></span> <span class='ocrx_word' id='word_1_250' title='bbox 433 3622 547 3692; x_wconf 79' lang='lat' dir='ltr'><strong>proditu</strong></span> <span class='ocrx_word' id='word_1_251' title='bbox 563 3625 599 3677; x_wconf 74' lang='lat' dir='ltr'><strong>l&#39;d</strong></span> <span class='ocrx_word' id='word_1_252' title='bbox 621 3621 634 3692; x_wconf 93' lang='grc' dir='ltr'>Η</span> <span class='ocrx_word' id='word_1_253' title='bbox 655 3624 689 3677; x_wconf 87' lang='grc'><strong>13</strong></span> <span class='ocrx_word' id='word_1_254' title='bbox 701 3626 761 3675; x_wconf 79' lang='lat' dir='ltr'><strong>Plio</strong></span> <span class='ocrx_word' id='word_1_255' title='bbox 784 3627 801 3676; x_wconf 87' lang='lat' dir='ltr'><strong>l.</strong></span> <span class='ocrx_word' id='word_1_256' title='bbox 816 3628 833 3676; x_wconf 91' lang='lat' dir='ltr'><strong>l.</strong></span> <span class='ocrx_word' id='word_1_257' title='bbox 847 3629 990 3677; x_wconf 73' lang='lat'><strong><em>2⁶0-294</em></strong></span> <span class='ocrx_word' id='word_1_258' title='bbox 1009 3623 1022 3696; x_wconf 93' lang='grc' dir='ltr'>Η</span> <span class='ocrx_word' id='word_1_259' title='bbox 1044 3633 1109 3693; x_wconf 62' lang='lat' dir='ltr'><strong>soll</strong></span> <span class='ocrx_word' id='word_1_260' title='bbox 1128 3643 1181 3696; x_wconf 90' lang='lat' dir='ltr'><strong>que</strong></span> <span class='ocrx_word' id='word_1_261' title='bbox 1201 3631 1266 3680; x_wconf 87' lang='lat' dir='ltr'><strong>sunt</strong></span> <span class='ocrx_word' id='word_1_262' title='bbox 1282 3632 1304 3679; x_wconf 84' lang='lat' dir='ltr'><em>V</em></span> <span class='ocrx_word' id='word_1_263' title='bbox 1323 3626 1336 3698; x_wconf 95' lang='grc' dir='ltr'>Η</span> <span class='ocrx_word' id='word_1_264' title='bbox 1357 3644 1463 3682; x_wconf 88' lang='lat' dir='ltr'><strong>eorum.</strong></span> 
     </span>
    </p>

    <p class='ocr_par' dir='ltr' id='par_1_16' title="bbox 351 3708 1463 3785">
     <span class='ocr_line' id='line_1_30' title="bbox 351 3708 1463 3785; baseline 0.006 -24"><span class='ocrx_word' id='word_1_265' title='bbox 351 3726 422 3778; x_wconf 89' lang='lat' dir='ltr'><strong>quae</strong></span> <span class='ocrx_word' id='word_1_266' title='bbox 442 3711 538 3762; x_wconf 84' lang='lat' dir='ltr'><strong>suntb</strong></span> <span class='ocrx_word' id='word_1_267' title='bbox 560 3708 572 3780; x_wconf 96' lang='grc' dir='ltr'>Η</span> <span class='ocrx_word' id='word_1_268' title='bbox 594 3713 623 3762; x_wconf 90' lang='lat' dir='ltr'><strong>et</strong></span> <span class='ocrx_word' id='word_1_269' title='bbox 642 3724 696 3778; x_wconf 86' lang='lat' dir='ltr'><strong>que</strong></span> <span class='ocrx_word' id='word_1_270' title='bbox 716 3710 798 3778; x_wconf 84' lang='lat' dir='ltr'><strong>(quse</strong></span> <span class='ocrx_word' id='word_1_271' title='bbox 812 3713 838 3778; x_wconf 85' lang='lat' dir='ltr'><strong>b)</strong></span> <span class='ocrx_word' id='word_1_272' title='bbox 857 3712 1009 3781; x_wconf 74' lang='lat' dir='ltr'><strong>paucisve</strong></span> <span class='ocrx_word' id='word_1_273' title='bbox 1031 3712 1044 3785; x_wconf 93' lang='grc' dir='ltr'>Η</span> <span class='ocrx_word' id='word_1_274' title='bbox 1066 3715 1101 3768; x_wconf 89' lang='grc'><strong>14</strong></span> <span class='ocrx_word' id='word_1_275' title='bbox 1119 3713 1266 3784; x_wconf 88' lang='lat' dir='ltr'><strong>primatum</strong></span> <span class='ocrx_word' id='word_1_276' title='bbox 1284 3718 1305 3766; x_wconf 88' lang='grc'><em>8</em></span> <span class='ocrx_word' id='word_1_277' title='bbox 1312 3717 1348 3766; x_wconf 74' lang='lat' dir='ltr'><strong>Vt</strong></span> <span class='ocrx_word' id='word_1_278' title='bbox 1369 3714 1383 3785; x_wconf 95' lang='grc' dir='ltr'>Η</span> <span class='ocrx_word' id='word_1_279' title='bbox 1402 3717 1463 3785; x_wconf 90' lang='lat' dir='ltr'><strong>pri-</strong></span> 
     </span>
    </p>

    <p class='ocr_par' dir='ltr' id='par_1_17' title="bbox 349 3794 1463 3875">
     <span class='ocr_line' id='line_1_31' title="bbox 349 3794 1463 3875; baseline 0.004 -26"><span class='ocrx_word' id='word_1_280' title='bbox 349 3797 434 3851; x_wconf 87' lang='lat' dir='ltr'><strong>uatim</strong></span> <span class='ocrx_word' id='word_1_281' title='bbox 450 3800 550 3849; x_wconf 67' lang='lat' dir='ltr'><strong>Plinium</strong></span> <span class='ocrx_word' id='word_1_282' title='bbox 570 3796 583 3866; x_wconf 96' lang='grc' dir='ltr'>Η</span> <span class='ocrx_word' id='word_1_283' title='bbox 603 3800 702 3855; x_wconf 89' lang='lat' dir='ltr'><strong>tenent</strong></span> <span class='ocrx_word' id='word_1_284' title='bbox 720 3795 756 3846; x_wconf 81' lang='lat' dir='ltr'><strong>Vt</strong></span> <span class='ocrx_word' id='word_1_285' title='bbox 777 3794 790 3865; x_wconf 93' lang='grc' dir='ltr'>Η</span> <span class='ocrx_word' id='word_1_286' title='bbox 811 3801 842 3849; x_wconf 89' lang='lat' dir='ltr'><strong>ut</strong></span> <span class='ocrx_word' id='word_1_287' title='bbox 860 3816 910 3850; x_wconf 76' lang='lat' dir='ltr'><strong>ora</strong></span> <span class='ocrx_word' id='word_1_288' title='bbox 927 3801 963 3851; x_wconf 82' lang='lat' dir='ltr'><strong>Vt</strong></span> <span class='ocrx_word' id='word_1_289' title='bbox 984 3800 997 3870; x_wconf 94' lang='grc' dir='ltr'>Η</span> <span class='ocrx_word' id='word_1_290' title='bbox 1018 3803 1052 3856; x_wconf 82' lang='grc'><strong>15</strong></span> <span class='ocrx_word' id='word_1_291' title='bbox 1069 3806 1181 3856; x_wconf 86' lang='lat' dir='ltr'><strong>exortus</strong></span> <span class='ocrx_word' id='word_1_292' title='bbox 1200 3804 1236 3855; x_wconf 76' lang='lat' dir='ltr'><strong>Vt</strong></span> <span class='ocrx_word' id='word_1_293' title='bbox 1257 3799 1271 3875; x_wconf 93' lang='grc' dir='ltr'>Η</span> <span class='ocrx_word' id='word_1_294' title='bbox 1292 3805 1369 3854; x_wconf 90' lang='lat' dir='ltr'><strong>estus</strong></span> <span class='ocrx_word' id='word_1_295' title='bbox 1382 3805 1432 3854; x_wconf 75' lang='lat' dir='ltr'><strong>SV</strong></span> <span class='ocrx_word' id='word_1_296' title='bbox 1445 3800 1463 3872; x_wconf 94' lang='grc' dir='ltr'>Η</span> 
     </span>
    </p>
   </div>
   <div class='ocr_carea' id='block_1_5' title="bbox 348 3868 1463 4235">
    <p class='ocr_par' dir='ltr' id='par_1_18' title="bbox 348 3868 1463 4235">
     <span class='ocr_line' id='line_1_32' title="bbox 350 3868 1462 3977; baseline 0.005 -25"><span class='ocrx_word' id='word_1_297' title='bbox 350 3901 473 3953; x_wconf 63' lang='lat' dir='ltr'><strong>eustasi</strong></span> <span class='ocrx_word' id='word_1_298' title='bbox 493 3899 507 3971; x_wconf 96' lang='grc' dir='ltr'>Η</span> <span class='ocrx_word' id='word_1_299' title='bbox 526 3901 626 3971; x_wconf 85' lang='lat' dir='ltr'><strong>iueipit</strong></span> <span class='ocrx_word' id='word_1_300' title='bbox 642 3900 678 3953; x_wconf 82' lang='lat' dir='ltr'><strong>Vt</strong></span> <span class='ocrx_word' id='word_1_301' title='bbox 700 3899 713 3971; x_wconf 91' lang='grc' dir='ltr'>Η</span> <span class='ocrx_word' id='word_1_302' title='bbox 733 3868 866 3971; x_wconf 73' lang='lat' dir='ltr'><strong>hyemisq3</strong></span> <span class='ocrx_word' id='word_1_303' title='bbox 882 3905 1028 3957; x_wconf 86' lang='lat' dir='ltr'><strong>semestris</strong></span> <span class='ocrx_word' id='word_1_304' title='bbox 1047 3906 1141 3975; x_wconf 87' lang='lat' dir='ltr'><strong>spatio</strong></span> <span class='ocrx_word' id='word_1_305' title='bbox 1160 3910 1181 3958; x_wconf 85' lang='lat' dir='ltr'><strong><em>S</em></strong></span> <span class='ocrx_word' id='word_1_306' title='bbox 1201 3906 1214 3977; x_wconf 97' lang='grc' dir='ltr'>Η</span> <span class='ocrx_word' id='word_1_307' title='bbox 1234 3905 1462 3959; x_wconf 85' lang='lat' dir='ltr'><strong>hiens.Semen-</strong></span> 
     </span>
     <span class='ocr_line' id='line_1_33' title="bbox 348 3974 1463 4061; baseline 0.004 -20"><span class='ocrx_word' id='word_1_308' title='bbox 348 3989 385 4042; x_wconf 90' lang='lat' dir='ltr'><strong>tis</strong></span> <span class='ocrx_word' id='word_1_309' title='bbox 405 3988 530 4056; x_wconf 82' lang='lat' dir='ltr'><strong>spacium</strong></span> <span class='ocrx_word' id='word_1_310' title='bbox 549 3991 570 4039; x_wconf 78' lang='lat' dir='ltr'><em>V</em></span> <span class='ocrx_word' id='word_1_311' title='bbox 588 3988 602 4057; x_wconf 96' lang='grc' dir='ltr'>Η</span> <span class='ocrx_word' id='word_1_312' title='bbox 620 3990 709 4042; x_wconf 85' lang='lat' dir='ltr'><strong>hiems</strong></span> <span class='ocrx_word' id='word_1_313' title='bbox 729 3989 858 4043; x_wconf 88' lang='lat' dir='ltr'><strong>semestri</strong></span> <span class='ocrx_word' id='word_1_314' title='bbox 877 3989 1002 4058; x_wconf 85' lang='lat' dir='ltr'><strong>spaciot</strong></span> <span class='ocrx_word' id='word_1_315' title='bbox 1022 3987 1036 4059; x_wconf 95' lang='grc' dir='ltr'>Η</span> <span class='ocrx_word' id='word_1_316' title='bbox 1057 3974 1247 4047; x_wconf 74' lang='lat' dir='ltr'><strong>ld&#39;monsess</strong></span> <span class='ocrx_word' id='word_1_317' title='bbox 1267 3992 1280 4061; x_wconf 94' lang='grc' dir='ltr'>Η</span> <span class='ocrx_word' id='word_1_318' title='bbox 1302 3996 1331 4057; x_wconf 82' lang='lat' dir='ltr'><strong>et</strong></span> <span class='ocrx_word' id='word_1_319' title='bbox 1348 4008 1463 4046; x_wconf 85' lang='lat' dir='ltr'><strong>messes</strong></span> 
     </span>
     <span class='ocr_line' id='line_1_34' title="bbox 353 4074 1461 4149; baseline 0.001 -21"><span class='ocrx_word' id='word_1_320' title='bbox 353 4077 389 4128; x_wconf 83' lang='lat' dir='ltr'><strong>Vt</strong></span> <span class='ocrx_word' id='word_1_321' title='bbox 410 4074 423 4144; x_wconf 96' lang='grc' dir='ltr'>Η</span> <span class='ocrx_word' id='word_1_322' title='bbox 443 4075 688 4144; x_wconf 79' lang='lat' dir='ltr'><strong>iuendemiasq.s</strong></span> <span class='ocrx_word' id='word_1_323' title='bbox 709 4075 935 4146; x_wconf 75' lang='lat' dir='ltr'><strong>ll-maturitates</strong></span> <span class='ocrx_word' id='word_1_324' title='bbox 955 4076 968 4145; x_wconf 95' lang='grc' dir='ltr'>Η</span> <span class='ocrx_word' id='word_1_325' title='bbox 989 4077 1096 4147; x_wconf 83' lang='lat' dir='ltr'><strong>9plexit</strong></span> <span class='ocrx_word' id='word_1_326' title='bbox 1108 4082 1129 4129; x_wconf 97' lang='grc'><em>8</em></span> <span class='ocrx_word' id='word_1_327' title='bbox 1142 4078 1160 4149; x_wconf 92' lang='grc' dir='ltr'>Η</span> <span class='ocrx_word' id='word_1_328' title='bbox 1177 4078 1368 4149; x_wconf 85' lang='lat' dir='ltr'><strong>amplexantur</strong></span> <span class='ocrx_word' id='word_1_329' title='bbox 1384 4081 1423 4129; x_wconf 76' lang='lat' dir='ltr'><strong>Vt</strong></span> <span class='ocrx_word' id='word_1_330' title='bbox 1444 4079 1461 4149; x_wconf 96' lang='grc' dir='ltr'>Η</span> 
     </span>
     <span class='ocr_line' id='line_1_35' title="bbox 348 4162 1463 4235; baseline 0.004 -20"><span class='ocrx_word' id='word_1_331' title='bbox 348 4162 544 4232; x_wconf 83' lang='lat' dir='ltr'><strong>conplecteute</strong></span> <span class='ocrx_word' id='word_1_332' title='bbox 565 4166 667 4220; x_wconf 66' lang='lat' dir='ltr'><strong>Pluteos</strong></span> <span class='ocrx_word' id='word_1_333' title='bbox 687 4163 700 4235; x_wconf 96' lang='grc' dir='ltr'>Η</span> <span class='ocrx_word' id='word_1_334' title='bbox 721 4166 754 4219; x_wconf 86' lang='grc'><strong>18</strong></span> <span class='ocrx_word' id='word_1_335' title='bbox 772 4164 851 4217; x_wconf 89' lang='lat' dir='ltr'><strong>uisus</strong></span> <span class='ocrx_word' id='word_1_336' title='bbox 871 4167 961 4215; x_wconf 81' lang='lat' dir='ltr'><strong>altera</strong></span> <span class='ocrx_word' id='word_1_337' title='bbox 981 4179 994 4219; x_wconf 84' lang='lat' dir='ltr'><strong>s</strong></span> <span class='ocrx_word' id='word_1_338' title='bbox 1015 4169 1105 4217; x_wconf 70' lang='lat' dir='ltr'><strong>«teleto</strong></span> <span class='ocrx_word' id='word_1_339' title='bbox 1124 4169 1145 4216; x_wconf 83' lang='lat' dir='ltr'><strong><em>S</em></strong></span> <span class='ocrx_word' id='word_1_340' title='bbox 1165 4163 1179 4234; x_wconf 95' lang='grc' dir='ltr'>Η</span> <span class='ocrx_word' id='word_1_341' title='bbox 1200 4165 1235 4217; x_wconf 88' lang='lat' dir='ltr'><strong>de</strong></span> <span class='ocrx_word' id='word_1_342' title='bbox 1255 4165 1309 4219; x_wconf 88' lang='lat' dir='ltr'><strong>fluo</strong></span> <span class='ocrx_word' id='word_1_343' title='bbox 1333 4165 1388 4235; x_wconf 74' lang='lat' dir='ltr'><strong>Vll</strong></span> <span class='ocrx_word' id='word_1_344' title='bbox 1408 4183 1463 4219; x_wconf 86' lang='lat' dir='ltr'><strong>ue-</strong></span> 
     </span>
    </p>
   </div>
   <div class='ocr_carea' id='block_1_6' title="bbox 261 4247 1464 4413">
    <p class='ocr_par' dir='ltr' id='par_1_19' title="bbox 261 4247 1464 4413">
     <span class='ocr_line' id='line_1_36' title="bbox 347 4247 1464 4323; baseline 0.004 -22"><span class='ocrx_word' id='word_1_345' title='bbox 347 4249 389 4302; x_wconf 89' lang='lat' dir='ltr'><strong>lut</strong></span> <span class='ocrx_word' id='word_1_346' title='bbox 411 4251 449 4300; x_wconf 83' lang='lat' dir='ltr'><strong>Vt</strong></span> <span class='ocrx_word' id='word_1_347' title='bbox 469 4247 484 4318; x_wconf 96' lang='grc' dir='ltr'>Η</span> <span class='ocrx_word' id='word_1_348' title='bbox 503 4249 597 4316; x_wconf 88' lang='lat' dir='ltr'><strong>aliquo</strong></span> <span class='ocrx_word' id='word_1_349' title='bbox 616 4265 665 4300; x_wconf 87' lang='lat' dir='ltr'><strong>om.</strong></span> <span class='ocrx_word' id='word_1_350' title='bbox 685 4253 706 4300; x_wconf 82' lang='lat' dir='ltr'><em>V</em></span> <span class='ocrx_word' id='word_1_351' title='bbox 725 4249 739 4319; x_wconf 96' lang='grc' dir='ltr'>Η</span> <span class='ocrx_word' id='word_1_352' title='bbox 760 4252 794 4306; x_wconf 86' lang='grc'><strong>19</strong></span> <span class='ocrx_word' id='word_1_353' title='bbox 813 4254 893 4317; x_wconf 79' lang='lat' dir='ltr'><strong>saeta</strong></span> <span class='ocrx_word' id='word_1_354' title='bbox 911 4254 933 4302; x_wconf 87' lang='grc'><em>8</em></span> <span class='ocrx_word' id='word_1_355' title='bbox 953 4250 967 4320; x_wconf 97' lang='grc' dir='ltr'>Η</span> <span class='ocrx_word' id='word_1_356' title='bbox 987 4251 1130 4305; x_wconf 83' lang='lat' dir='ltr'><strong>latescunt</strong></span> <span class='ocrx_word' id='word_1_357' title='bbox 1153 4250 1206 4321; x_wconf 78' lang='lat' dir='ltr'><strong>Vll</strong></span> <span class='ocrx_word' id='word_1_358' title='bbox 1228 4251 1310 4305; x_wconf 88' lang='lat' dir='ltr'><strong>duum</strong></span> <span class='ocrx_word' id='word_1_359' title='bbox 1333 4259 1355 4306; x_wconf 84' lang='lat' dir='ltr'><em>V</em></span> <span class='ocrx_word' id='word_1_360' title='bbox 1372 4253 1387 4323; x_wconf 95' lang='grc' dir='ltr'>Η</span> <span class='ocrx_word' id='word_1_361' title='bbox 1407 4270 1464 4311; x_wconf 91' lang='lat' dir='ltr'><strong>no-</strong></span> 
     </span>
     <span class='ocr_line' id='line_1_37' title="bbox 261 4332 1417 4413; baseline -0.01 -25"><span class='ocrx_word' id='word_1_362' title='bbox 261 4408 265 4413; x_wconf 17' lang='lat'><strong><em>&#39;</em></strong></span> <span class='ocrx_word' id='word_1_363' title='bbox 346 4335 442 4388; x_wconf 76' lang='lat' dir='ltr'><strong>tatius</strong></span> <span class='ocrx_word' id='word_1_364' title='bbox 462 4353 512 4388; x_wconf 85' lang='lat' dir='ltr'><strong>em.</strong></span> <span class='ocrx_word' id='word_1_365' title='bbox 525 4335 654 4387; x_wconf 78' lang='lat' dir='ltr'><strong>bPlisios</strong></span> <span class='ocrx_word' id='word_1_366' title='bbox 673 4332 688 4404; x_wconf 87' lang='grc' dir='ltr'>Η</span> <span class='ocrx_word' id='word_1_367' title='bbox 708 4336 743 4391; x_wconf 73' lang='lat'><strong>20</strong></span> <span class='ocrx_word' id='word_1_368' title='bbox 759 4340 809 4407; x_wconf 84' lang='lat' dir='ltr'><strong>pte</strong></span> <span class='ocrx_word' id='word_1_369' title='bbox 827 4340 848 4391; x_wconf 80' lang='grc'><em>8</em></span> <span class='ocrx_word' id='word_1_370' title='bbox 867 4339 881 4407; x_wconf 92' lang='grc' dir='ltr'>Η</span> <span class='ocrx_word' id='word_1_371' title='bbox 1413 4370 1417 4377; x_wconf 91' lang='grc'><strong>.</strong></span> 
     </span>
    </p>
   </div>
   <div class='ocr_carea' id='block_1_7' title="bbox 0 0 1606 5200">
    <p class='ocr_par' dir='ltr' id='par_1_20' title="bbox 0 0 1606 5200">
     <span class='ocr_line' id='line_1_38' title="bbox 0 0 1606 5200; baseline 0 2"><span class='ocrx_word' id='word_1_372' title='bbox 0 0 1606 5200; x_wconf 95' lang='lat' dir='ltr'><strong> </strong></span> 
     </span>
    </p>
   </div>
  </div>
 </body>
</html>
