3254 5202
756 491 991 558 ..144...

280 659 491 734 Seueroitum
517 659 551 724 in
577 657 716 724 Africam
743 659 874 725 duceret
901 665 933 725 et
957 678 1061 742 aquae
1087 657 1229 744 inopiam
1257 664 1428 744 pateretur,

319 771 423 835 subito
447 748 535 835 aries
562 788 602 834 ex
624 787 722 833 arena
745 768 863 834 exisset
885 773 917 834 et
939 769 1090 836 Liberum
1113 790 1184 835 oum
1205 789 1264 836 suo
1288 770 1429 836 exercitu

318 880 361 944 ad
382 899 498 961 aquam
520 877 724 962 perduxisset
747 877 907 943 diuinitus.
942 878 1005 944 hoo
1026 877 1111 945 facto
1135 879 1231 944 Liber
1254 898 1325 945 eum
1348 880 1429 944 arie·

317 994 382 1053 tem
410 988 521 1054 Iouem
543 988 731 1051 Ammonem
759 985 935 1070 appellauit
962 987 1057 1070 eique
1084 986 1194 1098 fanum
1224 987 1429 1071 magnifieum

288 1095 449 1161 sfeeitin
472 1116 509 1161 eo
532 1099 615 1176 loeo,
639 1117 702 1178 quo
725 1100 852 1180 reperta
875 1100 924 1160 est
946 1115 1040 1178 aqua,
1064 1102 1095 1160 et
1115 1097 1207 1163 abest
1228 1098 1270 1162 ab
1292 1096 1429 1162 Alexan-

319 1206 389 1271 dria
411 1206 471 1272 iter
491 1206 615 1271 dierum
637 1228 681 1269 rx.
703 1204 794 1270 loeus
809 1223 963 1271 arenosus
986 1211 1017 1269 et
1037 1206 1229 1288 serpentium
1243 1206 1360 1290 plenus
1383 1210 1432 1270 est

320 1314 519 1380 multitudine
543 1314 598 1403 [et]
623 1316 676 1399 qui
699 1316 739 1380 ab
755 1315 877 1380 harena
890 1314 1027 1380 Ammon
1050 1320 1100 1379 est
1120 1315 1310 1381 nominatus.
1333 1314 1430 1396 igitur

319 1428 490 1508 propterea
516 1425 599 1489 aries
626 1425 692 1489 dur
719 1442 822 1507 aquae
848 1423 1026 1490 inmortalis
1054 1429 1193 1488 mutatus
1221 1431 1269 1490 est
1296 1429 1327 1488 et
1349 1421 1430 1488 caeli

320 1531 429 1598 sidera
454 1539 644 1600 eonseoutus
671 1539 729 1599 est.
764 1534 920 1599 conuertit
949 1539 1055 1598 autem
1083 1533 1188 1618 eapud
1221 1534 1262 1598 ad
1295 1538 1428 1611 taurum,

283 1665 309 1706 ro
320 1642 390 1726 ipse
412 1649 519 1710 autem
542 1644 645 1726 signis
667 1641 865 1725 adsignatur.
893 1643 1116 1708 hebetantem
1140 1642 1249 1708 stellas
1271 1627 1304 1705 in
1327 1641 1430 1725 eapite
1508 1654 1510 1657 ·

320 1773 342 1836 1,
364 1753 398 1815 in
419 1754 550 1819 naribus
572 1775 618 1830 111,
640 1751 673 1815 in
696 1752 778 1817 eollo
801 1775 835 1829 n,
857 1752 892 1816 in
914 1752 1097 1817 summitate
1120 1750 1160 1816 de
1183 1751 1320 1835 singulis
1341 1749 1428 1834 pedi-

320 1862 380 1926 bus
402 1861 615 1927 anterioribus
637 1860 790 1945 singulas,
814 1862 848 1925 in
870 1861 966 1928 dorso
990 1868 1147 1945 quattuor,
1169 1861 1203 1926 in
1226 1861 1374 1940 candax,
1396 1861 1429 1924 in

321 1977 434 2037 uentre
456 1995 507 2050 111,
534 1972 568 2035 in
597 1970 776 2036 summitate
807 1970 847 2037 de
874 1972 1009 2057 singulis
1036 1972 1173 2057 pedibus
1199 1970 1430 2056 posterioribus

322 2079 476 2165 singulas.
500 2087 574 2145 sunt
596 2099 706 2145 omnes
727 2103 818 2143 xvm.

285 2213 310 2252 rs
407 2190 465 2254 Est
486 2190 581 2255 etiam
604 2189 764 2277 propiore]

408 2300 510 2383 Super
536 2297 641 2382 eapud
664 2299 780 2383 quippe
803 2299 913 2365 arietis
935 2319 999 2364 non
1022 2299 1118 2386 longe
1141 2301 1181 2366 ab
1205 2295 1430 2365 Andromedae

322 2409 458 2492 pedibus
480 2407 607 2473 adiaoet
628 2406 764 2492 signum,
788 2409 873 2490 quod
897 2409 1013 2475 Graeei
1036 2410 1077 2477 ob
1102 2406 1342 2475 similitudinem
1364 2405 1431 2471 del-

287 2576 421 2644 (ihabet
444 2579 602 2665 siquidem
626 2578 738 2644 stellas
759 2602 828 2642 xvu
849 2580 883 2645 id
906 2580 1010 2646 estin
1033 2579 1136 2664 eapite
1159 2599 1269 2656 unam,
1292 2575 1327 2640 in
1349 2575 1431 2640 nari-

324 2687 384 2752 bus
406 2693 481 2765 trea
503 2688 537 2752 in
553 2689 636 2753 eollo
653 2689 746 2773 duas,
769 2691 802 2753 in
819 2676 999 2754 summitate
1015 2687 1185 2753 anterioris
1207 2685 1301 2772 pedis
1324 2705 1430 2768 unam,

286 2795 358 2860 noin
380 2795 472 2880 spino
496 2802 642 2880 quatuor,
666 2797 700 2861 in
723 2800 827 2864 aauda
849 2818 955 2878 unam,
977 2799 1010 2863 in
1034 2802 1146 2863 uentre
1168 2802 1242 2872 tres,
1268 2795 1302 2860 in
1323 2795 1431 2860 lumbo

324 2924 431 2984 unam,
454 2904 487 2968 iu
511 2925 634 2969 summo
656 2905 742 2989 pede
763 2927 869 2971 uuam.

410 3013 512 3099 Super
540 3020 636 3098 eaput
665 3016 782 3101 quippe
810 3016 921 3081 arietis
949 3036 1015 3080 non
1036 3017 1135 3097 louge
1163 3016 1204 3080 ab
1225 3012 1434 3081 Andromeda

325 3121 451 3188 adiacet
472 3123 606 3208 signum,
630 3125 715 3206 quod
732 3125 847 3191 Graeci
863 3126 903 3190 ob
919 3124 1161 3191 similitudinem
1176 3124 1285 3191 deltae
1307 3123 1433 3188 litterae

288 3294 309 3342 S
363 3294 380 3346 2
400 3292 487 3345 exirit
509 3298 531 3345 V
549 3293 561 3364 Η
581 3296 598 3349 3
617 3294 747 3365 perduxit
764 3300 814 3350 SV
833 3295 846 3366 Η
867 3295 1048 3366 perduxisset
1066 3296 1195 3364 εονὶρείΗ
1220 3297 1238 3351 4
1254 3294 1308 3361 ῑΗῖ)
1329 3308 1432 3353 ammo·

326 3383 428 3433 uerus
455 3379 599 3448 'phanum
619 3386 667 3434 SV
690 3382 704 3453 Η
727 3385 744 3438 5
764 3383 846 3436 eoin
865 3383 927 3438 loeo
951 3381 1006 3454 ΡΗ
1032 3382 1231 3436 alexandrias
1258 3380 1273 3453 Η
1297 3380 1433 3436 bitinere

332 3471 354 3518 V
372 3463 386 3537 Η
412 3466 581 3536 serpentium
600 3467 774 3522 multitudine
794 3469 893 3538 planus
917 3476 939 3523 V
964 3469 977 3541 Η
1003 3471 1018 3525 7
1038 3474 1068 3523 at
1085 3474 1134 3522 SV
1152 3473 1238 3522 ‹teteut
1263 3467 1276 3539 Η
1303 3468 1369 3537 quia
1388 3471 1437 3519 SV

326 3554 405 3607 om.t
426 3551 439 3623 Η
460 3552 506 3621 qni
525 3556 621 3619 scripsi
641 3553 655 3623 Η
676 3538 812 3608 haranas
833 3553 845 3624 Η
867 3571 952 3611 arena
969 3563 991 3610 V
1008 3556 1021 3626 Η
1041 3557 1128 3625 igitur
1146 3575 1195 3608 om.
1214 3560 1236 3607 V
1256 3554 1268 3622 Η
1289 3556 1307 3609 8
1325 3555 1433 3607 immor-

326 3639 393 3692 talis
418 3643 440 3690 V
457 3637 471 3711 Η
492 3642 537 3692 est
556 3649 581 3691 et
595 3641 636 3692 bio
649 3652 675 3693 et
689 3653 785 3709 postea
798 3660 848 3695 om.
868 3646 890 3693 V
908 3641 921 3711 Η
942 3645 959 3697 9
977 3648 1062 3713 eaput
1084 3649 1106 3696 V
1125 3643 1138 3712 Η
1159 3644 1193 3699 10
1210 3642 1371 3712 assequitur
1387 3644 1408 3692 S
1415 3645 1436 3693 V

328 3725 341 3796 Η
363 3728 455 3778 autem
474 3744 523 3777 om.
548 3725 602 3797 ΥΗ
621 3729 654 3783 11
673 3729 833 3782 inauribus
857 3733 879 3780 V
905 3728 917 3797 Η
943 3727 1062 3799 pedibus
1082 3729 1200 3798 singulis
1224 3734 1246 3782 V
1263 3730 1278 3797 Η
1298 3729 1332 3783 13
1351 3726 1434 3780 sumi·

326 3816 421 3867 tates
442 3813 454 3881 Η
475 3810 509 3863 de
530 3831 578 3865 om.
597 3819 619 3866 V
638 3812 650 3884 Η
672 3815 842 3884 singulorum
860 3814 962 3885 padum
981 3816 1165 3884 posteriorum
1184 3822 1205 3869 V
1223 3814 1236 3886 Η
1258 3816 1293 3870 14
1311 3812 1435 3882 singulas

328 3903 411 3951 onas
431 3898 445 3969 Η
465 3900 499 3953 15
513 3902 601 3952 Germ.
615 3905 790 3953 Vre-taes
810 3901 823 3973 Η
845 3904 879 3956 16
892 3906 977 3971 eaput
995 3907 1016 3954 V
1034 3899 1047 3972 Η
1067 3902 1170 3973 quippe
1189 3921 1239 3955 om.
1258 3907 1279 3954 V
1299 3902 1311 3971 Η
1333 3901 1434 3969 longpe

327 3991 348 4039 s
368 3982 381 4058 Η
403 3983 571 4039 andromeda
590 3990 639 4040 SV
656 3988 670 4057 Η
690 3988 723 4042 17
743 3986 818 4041 delte
838 3987 931 4041 littere
950 3992 999 4041 SV
1018 3987 1032 4059 Η

291 4109 313 4155 G
362 4099 396 4153 18
417 4097 527 4168 quidem
549 4097 638 4150 &⁶0⁶¹
658 4096 672 4169 Η
692 4100 725 4155 19
743 4109 804 4165 post
825 4098 898 4152 eollo
916 4118 1041 4152 ramerum
1059 4102 1172 4167 praebet
1194 4104 1217 4155 θ
1243 4102 1256 4173 Ι
1283 4101 1316 4154 21
1335 4097 1435 4169 pedem

329 4199 385 4272 θΗ
411 4200 528 4255 ARIES
546 4203 630 4257 sobre.
651 4205 675 4255 G
700 4202 712 4272 Η
738 4206 880 4270 tutrapiaem
899 4205 1023 4263 natitent
1045 4203 1150 4259 Gd‘Gb
1176 4204 1189 4275 Η
1214 4206 1249 4259 22
1267 4179 1436 4269 andromeda?

329 4286 365 4340 a*
385 4285 399 4359 Η
417 4290 452 4345 23
470 4287 571 4341 uernae
594 4291 618 4342 o
638 4289 651 4358 Η
671 4287 746 4341 uerte
760 4287 839 4342 aaut
860 4287 874 4360 Η
894 4274 987 4344 noted
1007 4290 1104 4344 aaran
1119 4289 1198 4345 eam
1219 4290 1233 4361 Η
