3254 5202
402 442 416 473 ·
630 462 867 528 -133-

194 649 254 696 uae
276 628 370 695 filius.
395 631 449 723 qui
464 631 626 698 Vulcanus
652 650 723 695 oum
743 633 813 696 Ioui
834 630 970 697 fulmina
992 632 1139 714 efficeret,
1162 635 1203 700 ab
1224 635 1344 707 IoueS
1446 676 1457 687 ·

193 738 382 822 promissum
406 740 537 825 aooepit,
562 744 596 803 ut
617 740 769 822 quioquid
790 742 887 806 uellet
908 749 1133 825 praesumeret.
1168 741 1223 807 ille
1246 744 1304 808 Mi·
1331 795 1334 801 .

193 866 323 913 neruam
345 850 379 913 in
402 851 584 931 coniugium
606 849 726 932 petiuit.
749 851 893 936 Iuppiter
912 851 1091 935 imperauit,
1114 859 1149 916 ut
1159 852 1305 917 Minerua

193 958 289 1023 armis
312 958 526 1040 uirginitatem
548 956 746 1024 defenderet.
775 960 913 1042 dumque
935 961 1115 1026 oubioulum
1128 961 1303 1038 introirent,

193 1065 343 1132 oertando
366 1068 528 1133 Vuloanus
556 1088 665 1133 semen
692 1069 726 1132 in
747 1069 965 1153 pauimentum
986 1070 1075 1148 ieoit,
1102 1069 1187 1134 unde
1210 1074 1303 1133 natus
1327 1090 1339 1126 ⁵

192 1180 241 1240 est
254 1172 445 1260 Erio'toniuq
469 1195 563 1257 quem
578 1177 723 1242 Minerua
736 1179 769 1242 in
790 1178 901 1243 sistam
917 1178 1085 1255 absoondit
1100 1179 1302 1259 draooneque

192 1283 322 1349 eustode
338 1284 485 1369 opposito
502 1286 627 1352 duabus
643 1287 806 1353 sororibus
821 1287 965 1368 Aglauro
981 1293 1013 1352 et
1026 1286 1193 1352 Pandroso
1217 1306 1301 1351 oom-

191 1391 363 1456 meudauit.
388 1395 442 1475 qui
464 1394 585 1477 primus
609 1415 735 1460 ourrum
756 1395 839 1460 inter
860 1396 1006 1462 homines
1021 1396 1129 1461 docuit
1144 1396 1236 1479 equis
1257 1396 1300 1460 al·

190 1500 241 1566 bis
267 1501 398 1586 iungere
427 1509 458 1568 et
483 1503 562 1568 solis
589 1502 766 1586 quadrigae
799 1503 934 1568 similem
966 1505 1070 1570 saoere
1099 1505 1300 1589 primumque

190 1610 418 1677 Panathenaea
440 1611 651 1694 eonstituisse,
674 1598 781 1677 aroem
802 1613 1019 1697 templumque
1042 1613 1229 1681 aedificasse
1252 1614 1300 1678 di·
1314 1635 1338 1675 ro

191 1720 278 1785 citur.
303 1740 399 1803 quem
413 1721 501 1787 Iouis
523 1720 654 1785 miratus
676 1720 770 1785 astris
792 1729 953 1805 reoeptum
969 1723 1142 1789 memoriae
1156 1722 1298 1787 tradidit.

189 1831 222 1893 in
243 1828 305 1894 hoo
325 1831 418 1915 signo
442 1837 473 1895 et
495 1850 592 1913 oapra
613 1834 671 1908 est,
696 1849 791 1911 quam
813 1830 847 1896 in
869 1831 1000 1896 humero
1016 1838 1130 1917 portat,
1154 1851 1239 1923 quae
1250 1834 1298 1897 Io·

188 1959 262 2004 uem
284 1940 423 2025 nutriuit,
444 1941 585 2024 itemque
607 1937 703 2003 haedi
726 1939 795 2004 eius
818 1939 892 2019 filii,
917 1961 998 2023 quos
1020 1942 1132 2025 auriga
1152 1941 1186 2006 in
1206 1941 1299 2007 brao-

189 2045 260 2125 ohio
281 2055 396 2131 portat.
421 2048 534 2114 fluetus
557 2046 739 2129 significare
761 2055 941 2115 nosountur.
970 2051 1118 2115 Musaeus
1140 2049 1179 2114 de
1202 2070 1298 2134 oapra

189 2158 250 2223 hoo
271 2158 380 2224 refert:
407 2158 501 2223 datur
522 2160 609 2225 Iouis
630 2158 737 2224 infans
759 2159 946 2224 nutriendus
967 2159 1115 2224 Themidi
1137 2164 1169 2222 et
1189 2158 1335 2222 Amal-1⁵

187 2267 292 2345 thoas,
316 2287 399 2349 quae
420 2266 480 2332 suit
503 2267 632 2334 domina
654 2287 780 2350 oaprae.
803 2287 886 2348 quae
907 2287 947 2331 ex
968 2286 1008 2331 ea
1022 2268 1134 2332 Iouem
1156 2266 1297 2331 nutriuit.

189 2394 261 2441 esse
276 2382 380 2441 autem
396 2377 479 2441 hano
495 2377 655 2460 oapellam
677 2376 760 2440 Solis
783 2375 880 2439 filiam
904 2374 1020 2453 dieunt,
1042 2375 1131 2440 ouius
1147 2378 1297 2456 aspeotus

186 2492 252 2549 tam
275 2490 365 2548 atrox
380 2484 480 2550 fuisse
496 2485 618 2563 dieitur,
641 2493 676 2549 ut
690 2484 820 2549 Titanes
836 2504 908 2548 eam
922 2483 1068 2548 timerent
1081 2485 1296 2564 rogarentque
1343 2484 1360 2511 ⁶

187 2706 281 2770 quem
303 2706 374 2752 oum
395 2687 481 2752 louis
503 2688 637 2754 uidisset
658 2689 740 2753 inter
762 2684 907 2773 homines
923 2704 1024 2766 equos
1047 2685 1140 2751 albos
1162 2684 1332 2767 iungereq

186 2800 218 2860 et
244 2794 329 2860 Solis
360 2797 537 2878 quadrigae
573 2797 708 2863 similem
739 2793 923 2859 hominibus
953 2793 1061 2860 faeere
1092 2794 1333 2879 primumqne20

185 2904 320 2971 Athenis
342 2926 493 2990 pompam
508 2905 671 2985 induoere,
694 2925 799 2971 aroem
813 2904 1030 2988 templumque
1044 2903 1225 2987 aeditioare‚
1248 2902 1294 2966 in·

185 3019 233 3078 ter
255 3020 344 3080 astra
366 3014 539 3081 eonstituit.

221 3228 236 3281 1
255 3226 329 3282 filius
348 3246 417 3283 corr.
431 3246 466 3281 aa
483 3227 569 3281 filium
588 3231 608 3280 S
632 3223 646 3295 Η
671 3225 775 3281 fulmen
798 3231 821 3279 V
844 3224 857 3297 Η
880 3226 998 3296 3ῐὶιιςό
1022 3230 1045 3278 V
1068 3223 1080 3294 Η
1106 3225 1214 3296 Iupiter
1236 3230 1257 3279 V
1277 3224 1291 3296 Η
1313 3236 1332 3281 s

183 3315 201 3369 4
218 3315 302 3369 armis
322 3335 370 3369 om.
390 3321 412 3367 V
430 3314 445 3385 Η
466 3315 662 3371 defendisses
683 3312 696 3384 Η
715 3314 744 3381 in
763 3312 920 3367 cubiculum
938 3319 961 3367 V
980 3311 993 3384 Η
1013 3315 1029 3368 6
1047 3312 1218 3366 heriotonins
1236 3317 1258 3366 V
1277 3310 1293 3383 Η

184 3404 292 3472 oystam
310 3406 331 3455 S
351 3400 364 3472 Η
386 3403 459 3457 cista
482 3401 535 3473 Vll
557 3402 737 3471 draconemq3
757 3404 778 3453 S
797 3399 811 3472 Η
839 3402 854 3455 7
874 3400 999 3455 custodit
1018 3400 1149 3471 opposito
1168 3403 1189 3452 S
1209 3396 1223 3471 Η
1244 3415 1292 3469 ap·

184 3490 277 3560 posito
302 3495 324 3541 V
347 3488 361 3560 Η
386 3494 417 3544 et
435 3492 520 3542 oms
545 3488 558 3558 Η
584 3488 776 3560 pandorams
803 3487 816 3557 Η
841 3487 983 3558 pandoroe
1008 3484 1062 3556 Vll
1088 3486 1170 3542 ahio
1188 3487 1292 3556 primus

189 3580 210 3628 V
228 3575 242 3646 Η
260 3576 358 3630 'currus
372 3581 420 3629 SV
439 3576 451 3647 Η
473 3576 546 3629 inter
559 3595 609 3629 om.
629 3580 650 3628 V
669 3573 682 3644 Η
703 3590 791 3642 equos
811 3575 889 3627 aluos
903 3574 1018 3642 fungere
1032 3576 1061 3626 et
1074 3572 1142 3626 solis
1157 3572 1291 3642 quadriga

184 3664 302 3717 similem
321 3667 341 3715 S
361 3661 373 3732 Η
395 3661 475 3730 equis
494 3661 597 3714 innotis
617 3659 714 3714 docuit
732 3659 838 3713 similes
858 3659 992 3729 quadriga
1013 3658 1081 3711 solis
1105 3662 1127 3708 V
1150 3656 1165 3729 Η
1190 3660 1225 3715 10
1242 3676 1292 3729 pa·
1326 3734 1329 3739 ξ

184 3750 360 3803 nathaneas
382 3748 395 3818 Η
415 3752 593 3819 panatnenea
615 3753 637 3801 V
656 3746 671 3818 Η
689 3745 839 3799 hedificare
858 3748 880 3796 S
900 3744 913 3814 Η
934 3744 1082 3798 edificasse
1106 3749 1129 3796 V
1151 3746 1164 3817 Η
1191 3746 1293 3800 dieitur

3 3832 6 3859 ¹
115 3900 122 3908 .
184 3840 266 3889 tas
287 3834 300 3907 Η
320 3833 420 3905 raas
440 3833 453 3905 Η
474 3837 508 3891 13
520 3833 619 3888 neers
639 3832 653 3905 Η
675 3834 735 3886 erus
754 3831 805 3884 fini
824 3830 870 3883 eur
887 3836 910 3883 r
928 3831 941 3900 Η
961 3825 1116 3885 uraemo'r
1135 3831 1148 3905 Η
1169 3835 1204 3888 14
1219 3834 1291 3887 fruo-

183 3926 262 3977 tusS
282 3922 296 3994 Η
316 3923 363 3993 qui
382 3923 488 3976 fructus
506 3927 527 3974 V
545 3923 559 3992 Η
580 3923 679 3977 fluetus
700 3923 714 3972 b
735 3919 748 3991 Η
768 3919 883 3972 Museus
897 3921 946 3970 SV
964 3914 978 3988 Η
996 3917 1030 3971 15
1048 3919 1256 3975 nutriendums
1277 3917 1291 3988 Η

184 4008 392 4075 adnumiendus
412 4014 435 4061 V
453 4009 466 4079 Η
486 4009 621 4063 themidia
633 4009 760 4063 altheeS
780 4005 792 4078 Η
813 4004 946 4059 themidie
959 4004 1034 4059 altee
1052 4012 1074 4059 V
1093 4005 1106 4078 Η
1127 4007 1160 4061 17
1180 4020 1292 4076 capram

184 4093 268 4147 filiam
287 4096 356 4149 solis
381 4100 402 4148 V
421 4096 433 4166 Η
455 4098 489 4152 18
507 4095 597 4158 iniss3
617 4099 637 4147 S
657 4093 671 4165 Η
694 4111 755 4148 eum
778 4098 801 4146 V
819 4092 832 4163 Η

220 4249 255 4304 20
274 4248 407 4324 quadriga
428 4249 506 4305 Gssdl
527 4248 540 4325 Η
561 4250 679 4333 similem
700 4245 736 4302 (ΞΗ
757 4247 770 4320 Η
791 4249 879 4327 primu
898 4247 918 4321 d
937 4247 961 4302 G
980 4244 994 4323 Η
1014 4247 1049 4303 21
1068 4246 1199 4306 edificare
1214 4247 1239 4303 θ
1257 4243 1271 4323 Η
1305 4251 1329 4301 G
