3202 5200
754 473 982 538 ..220-

274 645 300 710 S
398 641 486 706 Mare
513 641 541 706 si
566 641 772 724 tranquillum
794 641 828 704 in
851 646 944 724 portu
967 640 1135 706 cursitabit
1156 646 1188 704 et
1210 641 1424 705 murmurabit

303 751 394 835 ¹intra
416 770 460 827 se,
484 755 614 816 uentum
637 750 803 834 praedicit,
828 751 855 816 si
878 752 959 815 idom
982 750 1015 814 in
1037 749 1150 833 hieme,
1174 749 1318 815 imbrem.
1341 751 1424 815 mari

311 860 485 942 tranquillo
501 861 609 925 littora
625 861 777 945 ripaeque
792 863 824 926 ei
836 861 1005 942 sonabunt,
1030 878 1179 942 asperam
1201 864 1423 944 tempestatem

312 971 499 1056 significant.
1464 966 1468 970 ’

282 1092 294 1129 ⁵
397 1083 532 1147 Mutatio
555 1083 744 1167 tempesto-tia
766 1080 962 1166 expectando
984 1093 1029 1144 ost
1050 1081 1084 1143 iu
1108 1081 1269 1163 asperius,
1296 1097 1366 1143 eum
1390 1082 1426 1143 ia

310 1195 466 1254 noetuma
488 1189 695 1271 nauigatione
718 1209 803 1271 aqua
825 1188 869 1254 ad
884 1209 989 1254 remos
1005 1187 1094 1252 etad
1110 1188 1327 1269 gubernaeula
1342 1187 1426 1252 suin-

311 1298 403 1363 tiliat.
426 1305 534 1366 auster
555 1300 708 1375 imminet,
732 1319 803 1363 aum
824 1298 976 1379 iuligines
992 1296 1220 1362 hirundinesue
1242 1297 1354 1361 uolant
1368 1302 1426 1360 aut

311 1427 383 1471 aum
406 1408 549 1493 delphini
571 1414 655 1472 totos
683 1427 718 1471 se
739 1406 874 1472 saltibus
897 1406 1070 1473 ostendunt
1092 1411 1149 1470 aut
1170 1406 1283 1471 eaudis
1307 1426 1423 1487 aquam

311 1516 441 1596 feriunt,
469 1539 542 1583 nam
571 1535 697 1601 semper
723 1515 797 1579 inde
825 1522 939 1581 uentus
962 1516 1073 1599 orium,
1104 1536 1167 1598 quo
1195 1516 1242 1580 illi
1269 1514 1424 1580 feruntur.

181 1636 190 1649 ·
275 1641 300 1678 10
312 1644 371 1690 nee
393 1628 506 1691 mirum
529 1633 586 1705 ast,
609 1632 696 1690 muta
717 1624 870 1689 animalia
892 1624 1037 1690 diuinare
1060 1625 1120 1689 sub
1135 1624 1272 1708 gurgite,
1297 1641 1425 1707 semper

311 1735 396 1798 onim
424 1736 603 1820 incipientis
630 1755 729 1800 aurae
757 1741 844 1800 motu
865 1753 971 1815 aquae
992 1734 1194 1798 inclinantur.
1234 1753 1331 1815 quam
1354 1752 1423 1815 per-

311 1843 518 1909 mutationem
538 1846 641 1909 maris
668 1845 762 1929 primi
791 1844 951 1908 undarum
973 1843 1099 1908 incolae
1126 1842 1274 1906 sentiunt.
1313 1842 1422 1924 itaque

310 1958 439 2035 propter
460 1954 612 2037 impetum
634 1962 778 2039 pugnant
798 1953 869 2019 siue
884 1958 979 2036 metu,
1000 1972 1040 2017 ne
1055 1950 1238 2018 deferantur
1257 1952 1290 2015 in
1304 1950 1422 2034 littora,

311 2061 380 2125 siue
403 2067 525 2146 natura,
545 2083 585 2127 ne
601 2083 787 2128 auersomm
809 2062 951 2127 oeruiees
973 2061 1080 2127 undae
1102 2061 1322 2145 praeeipitent.
1345 2057 1425 2140 quid

275 2189 298 2226 1⁵
313 2171 412 2251 ergo?
437 2171 579 2254 delphini
594 2177 719 2236 tantum
735 2172 816 2236 hano
839 2171 989 2236 iniuriam
1012 2169 1144 2235 timent?
1168 2170 1264 2233 immo
1280 2175 1311 2233 et
1325 2166 1423 2234 ueteri

312 2279 425 2362 pissas.
448 2284 506 2344 sed
528 2280 561 2343 hi
583 2286 704 2344 tantum
727 2287 893 2364 apparent,
919 2281 994 2362 quia
1017 2278 1160 2362 exiliunt,
1184 2280 1281 2344 aeteri
1303 2279 1337 2343 iu
1358 2278 1425 2342 ima

312 2387 446 2470 gurgitis
470 2387 678 2454 descendunt.

274 2585 295 2634 8
349 2584 436 2637 lIdst
455 2588 484 2638 et
503 2598 635 2655 aquarum
654 2584 834 2654 significatio:
861 2601 935 2639 mare
961 2586 985 2638 si
1008 2583 1185 2654 tranquillum
1208 2584 1237 2637 in
1259 2589 1342 2654 portu
1360 2600 1422 2638 eur-

312 2670 411 2725 sitabit
428 2672 642 2727 murmurabitue
662 2675 731 2726 Ptin.
751 2677 767 2725 t.
786 2677 803 2724 t.
822 2680 875 2724 369
900 2670 913 2741 Η
941 2687 1023 2725 eursu
1042 2670 1137 2725 stabat
1156 2675 1185 2724 et
1203 2671 1389 2725 murmurabat
1408 2670 1423 2739 Η

312 2758 422 2813 2idem
436 2770 461 2811 et
477 2760 500 2812 si
518 2764 611 2812 matida·
624 2777 659 2810 ear
672 2762 760 2811 Ptiaio
781 2758 794 2828 Η
816 2760 843 2812 in
862 2759 980 2812 hiemem
1000 2756 1014 2827 Η
1035 2774 1109 2812 mare
1128 2758 1305 2827 tranquillum
1325 2755 1339 2827 Η
1359 2759 1376 2813 3
1394 2762 1425 2811 et

312 2844 407 2899 littora
427 2845 439 2914 Η
460 2846 542 2901 litora
560 2847 694 2918 ripaeque
713 2847 738 2901 si
756 2846 928 2900 resonabunt
945 2844 1103 2915 tranquillo,
1124 2860 1251 2915 asperam
1268 2848 1423 2914 tempesta-

312 2937 368 2986 tem
388 2936 490 2986 Ptiuiua
510 2932 523 3004 Η
544 2937 562 2990 5
580 2939 676 2987 isidor.
698 2938 730 2985 do
748 2942 848 2986 uoturo
867 2951 921 2986 rer.
937 2934 1279 2994 XXXV1111‚oBeeker.
1298 2936 1424 2984 Suetonii

312 3021 677 3087 rottqq.od.1tetfforsotetd.
695 3026 785 3088 praa
811 3019 825 3091 Η
850 3020 970 3073 Mutatio
987 3018 1166 3088 tempestatis
1186 3017 1361 3089 expectanda
1378 3022 1426 3072 est

311 3106 339 3160 iu
359 3107 486 3176 asperius
512 3117 538 3159 et
561 3107 590 3160 in
610 3111 702 3161 addidi
722 3126 758 3161 om
775 3111 881 3161 Isidoro
907 3106 920 3175 Η
948 3104 1100 3160 6sintiliat
1123 3102 1137 3174 Η
1164 3104 1382 3158 ierundinesue
1407 3103 1423 3174 Η

312 3195 344 3247 11
358 3193 495 3262 incipiunt
513 3198 593 3248 aurat
610 3198 713 3248 motum
733 3211 804 3264 aque
825 3192 839 3263 Η
860 3194 894 3248 13
906 3197 1008 3246 metum
1028 3191 1043 3263 Η
1062 3192 1227 3245 deserantur
1245 3191 1273 3244 in
1291 3191 1385 3245 littore
1407 3192 1422 3262 Η

310 3296 344 3332 ne
363 3279 522 3333 deferantur
540 3284 640 3333 isidori
653 3283 727 3333 codd.
743 3283 917 3332 eumaem(
931 3299 974 3346 ap.
989 3279 1099 3331 Becker.
1113 3277 1127 3346 Η
1148 3292 1183 3330 na
1201 3278 1276 3331 unda
1294 3279 1420 3333 terantur

312 3367 423 3418 aanor.
444 3368 457 3435 Η
478 3367 512 3420 14
530 3371 611 3420 naua
631 3367 810 3422 aduersorum
832 3365 844 3436 Η
864 3365 939 3419 unda
958 3364 972 3435 Η
991 3364 1081 3418 undae
1094 3368 1191 3432 scripsi
1210 3363 1225 3434 Η
1245 3364 1319 3418 unda
1337 3383 1419 3436 prae-

312 3451 412 3519 cipitet
430 3456 527 3507 rsutor.
553 3452 566 3523 Η
592 3456 626 3509 15
643 3455 775 3509 timentur
794 3452 807 3524 Η
829 3456 863 3509 16
881 3454 968 3508 ceteri
988 3452 1016 3504 in
1030 3483 1062 3492 -
1078 3450 1254 3505 descendunt
1272 3471 1320 3505 om.
1333 3457 1425 3505 Isido-

313 3556 358 3589 ras
377 3536 391 3607 Η
411 3539 484 3594 himo
511 3539 524 3611 Η
549 3541 604 3594 ima
622 3546 718 3609 scripsi
743 3542 756 3612 Η
782 3542 870 3596 Liber
889 3540 998 3595 Oolueii
1016 3538 1094 3608 pyeri
1114 3543 1194 3604 (corr.
1214 3549 1243 3590 ut
1262 3543 1369 3592 uidetur
1387 3560 1425 3595 ex

314 3625 400 3695 preri)
420 3626 455 3680 de
476 3627 612 3697 Stignane
633 3629 809 3701 Cancellairii
827 3628 983 3684 Florentini
1002 3628 1159 3691 susbscripsit
1180 3626 1213 3676 s‘
1233 3627 1247 3699 Η
