3254 5202
779 523 1015 625 ’'¹5⁰'ss

242 688 245 697 ’
305 697 331 765 S
343 715 365 759 a
392 693 530 777 quodam
556 691 626 755 uiro
654 690 820 755 nominata
847 690 889 755 sit
909 688 1134 773 Hippodamia.
1170 689 1322 754 Musaeus
1347 695 1453 754 autem

343 788 440 867 refert
467 798 551 865 filias
577 799 715 864 Atlantis
741 798 840 864 fuisse
869 822 928 877 vn,
961 817 1001 872 ex
1029 797 1145 881 quihus
1173 821 1206 861 v1
1235 800 1345 865 clarae
1371 805 1452 877 sunt,
1481 880 1487 889 .

343 928 408 974 una
435 909 580 975 obscura.
615 928 688 975 cum
714 905 776 972 diis
806 909 1057 973 concubuerunt:
1091 912 1157 973 tres
1185 926 1256 973 cum
1277 908 1365 972 Ioue.
1403 906 1454 993 [id

344 1014 409 1103 est]
434 1035 473 1080 ex
494 1016 622 1083 Electra
644 1016 831 1081 Dardanum
853 1031 978 1098 acram,
1007 1034 1048 1080 ex
1070 1015 1157 1080 Maia
1177 1015 1384 1099 Mercurium,
1413 1035 1454 1080 ex

319 1154 330 1191 ⁵
344 1127 491 1209 Taygete
504 1124 761 1191 Lacedaemona.
785 1144 855 1189 cum
871 1123 1133 1208 Neptunodnae:
1156 1125 1309 1209 Alcyone,
1334 1143 1373 1189 ex
1389 1143 1454 1205 qua

324 1214 499 1318 Hyrieus,
523 1222 680 1312 Celaeno,
704 1252 745 1297 ex
768 1252 833 1314 qua
853 1235 986 1316 Lycus..
1006 1252 1076 1297 eum
1099 1235 1200 1299 Marte
1221 1235 1389 1317 ‘Asterope
1412 1251 1454 1298 ex

346 1361 411 1423 qua
425 1341 619 1407 Oenomaus.
656 1342 788 1427 Merope
809 1363 882 1408 cum
899 1341 1048 1425 Sisypho.
1072 1361 1223 1423 magnam
1245 1341 1333 1425 apud
1352 1341 1454 1407 homi·

345 1471 403 1516 nes
425 1451 615 1533 dignitatem
637 1450 766 1536 habent,
790 1451 878 1534 quod
900 1450 1048 1517 omnihus
1070 1451 1158 1515 horis
1180 1450 1371 1534 significant.

431 1563 592 1643 Tempora
612 1560 708 1626 laeua
728 1560 853 1648 premit]
1224 1580 1227 1583 ·

308 1697 334 1735 10
433 1671 552 1754 Lyram
585 1668 724 1752 denique
751 1669 946 1734 interestne
975 1668 1164 1734 collocatam
1191 1668 1300 1734 dicunt
1325 1673 1454 1761 propter

344 1779 499 1846 honorem
521 1778 683 1861 Mercurii,
707 1777 762 1859 qui
784 1797 856 1843 eam
878 1776 1021 1844 condidit
1048 1797 1088 1841 ex
1114 1776 1283 1843 testudinis
1310 1776 1454 1843 similitu·

345 1888 421 1955 dine
449 1895 480 1952 et
507 1888 547 1952 de
569 1886 728 1970 Apollinis
756 1887 854 1951 boum
876 1887 1025 1951 cornibus
1052 1885 1252 1969 intenditque
1281 1886 1386 1951 cordis
1409 1908 1455 1949 vn

345 1996 543 2065 Atlantidum
558 2016 700 2061 numero.
724 1995 927 2079 regrediente
950 1995 1049 2077 igitur
1072 1994 1146 2062 Nilo
1169 1992 1213 2059 ad
1233 2013 1309 2063 euos
1332 1999 1455 2060 meatus

308 2198 367 2263 Ga
390 2189 529 2271 quodam
543 2190 627 2274 ,uiro
653 2191 818 2255 nominata
844 2188 885 2254 sit
913 2188 1138 2272 Hippodamia.
1173 2193 1245 2255 sunt
1268 2187 1352 2253 enim
1376 2187 1455 2252 haec

300 2337 333 2373 ⁴1⁵
347 2303 468 2382 septem
492 2297 604 2363 stellae
627 2304 701 2363 ante
723 2318 831 2380 genua
852 2299 950 2382 tauri,
979 2317 1062 2380 quae
1084 2317 1202 2363 occasu
1226 2317 1284 2363 suo
1306 2297 1452 2380 hiemem,

347 2412 418 2471 ortu
439 2412 596 2471 aestatem
622 2407 808 2491 primaeque
830 2406 1045 2491 nauigationis
1068 2415 1194 2490 tempus
1215 2408 1396 2472 ostendunt.
1440 2439 1443 2445 ,

432 2514 549 2601 Lyram
573 2515 715 2598 denique
734 2516 899 2598 gentilium
923 2516 1075 2600 opinione
1095 2515 1179 2580 inter
1201 2521 1287 2581 astra
1308 2514 1455 2581 conloca·

346 2629 411 2689 tam
434 2623 543 2689 dieunt
568 2620 699 2708 propter
718 2626 877 2691 honorem
898 2624 1062 2705 Mercurii,
1094 2624 1149 2706 qui
1176 2643 1248 2690 eam
1272 2624 1456 2693 condidisse

347 2731 391 2797 ad
417 2732 658 2801 similitudinem
690 2734 858 2800 testudinis
883 2733 989 2799 fertur.
1029 2733 1231 2815 regrediente
1257 2733 1353 2818 igitur
1380 2734 1454 2801 Milo

256 2896 259 2905 .
309 2840 390 2918 ,aad
420 2860 497 2906 suos
518 2847 644 2908 meatus
665 2843 748 2911 inter
770 2850 878 2911 cetera
901 2842 1054 2909 animaha
1075 2841 1189 2909 relicta
1212 2842 1308 2908 etiam
1330 2845 1454 2911 testudo

308 3039 329 3088 S
384 3037 399 3089 1
417 3034 606 3105 ypcdamiaS
626 3034 640 3108 Η
660 3038 830 3109 yppodamia
853 3044 875 3091 V
893 3038 906 3109 Η
926 3037 1042 3091 Mnseus
1061 3040 1109 3089 SV
1128 3035 1141 3106 Η
1161 3038 1179 3091 2
1196 3036 1253 3092 filie
1273 3042 1294 3090 S
1313 3038 1327 3111 Η
1347 3039 1453 3094 athlan-

346 3121 385 3174 tis
403 3125 452 3173 SV
471 3118 485 3190 Η
504 3124 521 3178 3
541 3127 624 3176 etex
647 3130 669 3177 V
687 3124 701 3195 Η
721 3120 751 3178 id
771 3129 816 3180 est
833 3130 854 3179 S
873 3128 960 3178 delerat
980 3122 994 3193 Η
1014 3123 1032 3177 4
1049 3123 1196 3178 Dardanus
1220 3129 1242 3197 V
1261 3124 1274 3196 Η
1294 3128 1387 3178 natum
1406 3132 1455 3179 ad-

347 3228 404 3277 aaut
424 3223 438 3294 Η
457 3226 613 3283 Mercurius
636 3229 690 3301 Vll
715 3233 732 3286 5
750 3208 846 3301 taygeto
869 3235 892 3282 V
908 3228 921 3300 Η
943 3228 1154 3285 lacedomoniam
1173 3234 1193 3283 S
1213 3228 1227 3299 Η
1247 3230 1412 3285 lacedemon
1434 3237 1460 3309 V

348 3309 362 3381 Η
384 3311 484 3381 quibus
502 3317 523 3363 S
544 3310 558 3383 Η
578 3330 633 3384 qua
656 3322 677 3369 V
697 3316 710 3388 Η
730 3320 747 3373 6
765 3319 865 3373 herens
885 3321 905 3369 S
926 3316 939 3388 Η
959 3318 1078 3375 herchus
1101 3323 1124 3370 V
1143 3316 1158 3388 Η
1177 3317 1273 3388 lyncns
1289 3322 1312 3371 S
1331 3317 1346 3389 Η
1365 3317 1455 3372 lichus

352 3402 373 3448 V
394 3395 406 3467 Η
428 3398 622 3453 lDenomaus
646 3407 667 3454 V
691 3401 705 3473 Η
732 3404 853 3477 Sysipho
873 3408 894 3456 S
920 3403 933 3475 Η
959 3404 1079 3481 Sysipho
1099 3424 1169 3461 corr.
1184 3424 1219 3458 ec
1238 3405 1375 3479 Sysiphos
1398 3411 1421 3458 V
1440 3404 1454 3475 Η

347 3485 364 3539 8
383 3481 501 3552 quod-
515 3483 676 3552 significant
693 3507 743 3567 cnr.
762 3495 784 3542 V
808 3488 822 3561 Η
847 3491 978 3545 honorih⁰
996 3495 1017 3544 S
1046 3492 1060 3561 Η
1090 3495 1106 3547 9
1128 3498 1215 3549 Germ.
1230 3499 1380 3547 tte-2⁷7
1397 3497 1419 3544 S
1439 3494 1453 3564 Η

347 3572 382 3625 10
400 3569 521 3639 denique
541 3590 591 3624 orn.
609 3575 632 3623 V
649 3573 662 3642 Η
687 3577 719 3628 11
738 3576 882 3631 testudine
901 3578 1092 3635 similitudinis
1111 3585 1131 3632 8
1156 3580 1168 3651 Η
1194 3580 1337 3637 testudine
1356 3581 1453 3635 simili-

346 3655 442 3708 tudine
457 3661 489 3708 ·V
511 3655 526 3729 Η
549 3660 701 3717 testudinis
720 3663 902 3718 similitudine
921 3667 935 3717 h
956 3663 970 3736 Η
991 3667 1025 3723 12
1042 3666 1144 3723 honum
1168 3672 1190 3720 V
1209 3664 1223 3738 Η
1243 3668 1374 3725 cornibus
1392 3685 1411 3738 q
1433 3675 1457 3722 V

348 3740 364 3810 Η
382 3741 504 3799 intendit
528 3751 550 3798 V
568 3745 581 3816 Η
601 3742 702 3803 cordas
727 3755 748 3802 V
766 3750 781 3821 Η
802 3752 836 3806 13
855 3752 1039 3807 athlantidum
1057 3758 1107 3806 SV
1125 3752 1139 3823 Η

310 3870 334 3917 θ
382 3862 417 3916 14
433 3862 584 3932 ypcdamia
603 3868 708 3922 GGVGV
728 3869 741 3941 Η
761 3871 858 3925 hecti
878 3869 891 3943 Η
912 3875 946 3944 he
959 3871 1017 3926 Gli
1040 3873 1055 3944 Η
1080 3876 1114 3931 15
1133 3875 1216 3929 stelle
1236 3878 1275 3929 θ·
1295 3874 1308 3946 Η
1329 3879 1394 3929 ante
1413 3878 1453 3930 ia-

347 3963 427 4001 nuam
449 3951 472 4002 θ
492 3949 506 4021 Η
527 3956 593 4009 anta
610 3953 720 4011 ianuam
740 3960 778 4010 θα
798 3956 812 4028 Η
831 3965 990 4029 antagonua
1009 3960 1045 4014 dl
1065 3960 1078 4032 Η
1099 3962 1197 4031 hyeme
1217 3964 1255 4015 θ’
1274 3961 1288 4033 Η
1309 3963 1344 4017 16
1362 3966 1453 4018 estete

348 4031 385 4087 0⁶
409 4034 422 4105 Η
449 4037 820 4099 lintewecestre
844 4047 858 4116 Η
882 4048 1132 4105 VERGILOEGV
1156 4047 1173 4117 Η
1195 4052 1335 4114 teacinam
1354 4050 1454 4105 dotent

348 4122 452 4175 &0⁶⁶⁶
467 4123 480 4195 l
501 4128 534 4181 1⁷
547 4127 616 4185 Lim
628 4131 705 4184 cac·
719 4129 734 4202 Η
748 4133 843 4202 opinio
858 4136 896 4189 ev
911 4134 924 4205 Η
939 4137 1081 4205 conligas
1093 4146 1156 4191 aaa
1170 4153 1238 4190 corr.
1254 4133 1291 4189 ur
1304 4134 1318 4204 Η
1339 4138 1373 4192 re
1386 4150 1453 4190 con·

345 4206 436 4352 {lise}
444 4212 534 4370 Glj‘dfl
552 4232 621 4269 corr.
638 4216 687 4270 0⁵²
713 4217 728 4290 Η
757 4223 790 4277 19
808 4222 985 4279 testitudinis
1005 4222 1096 4277 G⁶G⁵¹
1114 4242 1183 4278 cerr.
1204 4219 1255 4276 θ’)
1282 4220 1298 4293 Η
1324 4223 1360 4280 20
1377 4238 1453 4278 mea-

359 4312 406 4355 ou.
