3254 5202
622 456 858 525 -103-

185 613 374 689 Phaen'on.
407 622 566 691 secundus
591 625 804 712 Phaethon,
833 627 887 709 qui
913 628 1155 713 eognominatus
1180 628 1293 697 dieitur

185 735 227 801 ab
242 734 328 803 Solis
348 732 413 798 filio
428 732 637 801 Phaethonte.
660 741 734 818 post
753 734 894 800 fulminis
910 736 1007 802 iotum
1030 737 1120 803 eaelo
1136 742 1291 823 redeptus.

186 843 270 911 harro
294 842 420 909 stellam
446 840 576 925 quidam
599 843 757 909 Saturni
784 842 902 910 dieunt
932 844 1059 910 tertium
1081 846 1170 912 sidus
1192 848 1292 915 hiar-

186 951 250 1035 tis,
271 949 324 1032 qui
343 952 483 1036 Pyrois
505 958 646 1032 uocatur,
669 973 735 1018 non
749 954 933 1039 maximum,
955 954 1083 1038 igneum
1098 954 1215 1021 eolore.
1238 957 1293 1039 qui

185 1065 315 1145 putatur
339 1060 428 1125 iuxta
453 1060 611 1127 Venerem
638 1060 718 1127 situs
745 1062 806 1127 hau
836 1054 876 1127 eu
904 1082 1012 1131 eausa.
1042 1063 1177 1147 petisse,
1205 1064 1314 1146 quode

186 1170 345 1245 Venerem
365 1169 436 1254 ipse
458 1170 622 1237 Vuloanus
643 1169 779 1237 haberet
798 1190 944 1257 uxorem,
974 1193 1039 1237 non
1061 1170 1124 1238 nisi
1146 1171 1186 1237 de
1208 1172 1291 1238 side

186 1277 274 1343 ribus
297 1277 327 1344 ei
349 1285 435 1345 esset
455 1279 590 1345 iuratus.
613 1278 728 1363 Pyrois
751 1279 865 1346 dieitur
887 1301 908 1347 a
929 1301 988 1347 suo
1010 1264 1137 1348 feruore
1159 1287 1190 1348 et
1212 1281 1294 1348 eele-

186 1385 290 1452 ritate.
314 1393 460 1469 quartum
483 1387 574 1455 sidus
589 1388 763 1472 Veneris,
785 1388 1032 1475 Phosphoros
1055 1390 1162 1457 oolore
1184 1410 1292 1471 aureo,

186 1494 288 1559 maior
311 1495 458 1563 omnibus
480 1494 649 1563 sideribus.
681 1517 776 1580 quem
797 1490 1011 1584 Hesperum
1039 1504 1072 1564 et
1091 1499 1293 1584 Phospho-

187 1619 273 1667 rum¹
287 1623 360 1670 esse
383 1604 500 1670 dieunt.
531 1611 579 1671 est
600 1610 708 1672 autem
728 1625 788 1690 pes
810 1612 842 1673 et
864 1608 976 1692 oapud.
1008 1608 1066 1674 ’rob
1089 1627 1230 1674 amorem
1252 1627 1332 1686 ex10

152 1713 279 1801 „epioe
300 1713 405 1798 rapuit
432 1721 464 1781 et
486 1735 557 1781 oum
580 1734 619 1781 eo
642 1716 820 1782 oonoubuit.
852 1735 891 1781 ex
913 1717 974 1782 hoe
994 1717 1169 1783 honoratus
1191 1717 1292 1797 eaelo,
1359 1686 1436 1804 dir
1453 1701 1518 1792 ἐπ’

186 1840 227 1886 ex
253 1822 396 1906 utrisque
423 1825 491 1890 eius
511 1824 656 1910 partibus
676 1823 884 1908 Phosphoros
911 1831 944 1892 et
964 1825 1129 1910 Hesperus
1151 1831 1301 1892 uocatur.-

187 1931 331 2014 quintum
353 1930 443 1998 sidus
458 1932 671 2015 Mercurius
693 1936 836 1999 uooahir.
859 1934 1013 2001 Stilbon
1036 1940 1094 2019 est,
1118 1952 1213 2017 quem
1235 1955 1293 2020 pu-

186 2039 292 2105 sillum
315 2042 380 2121 sed
396 2041 516 2109 darum
529 2042 685 2109 Mercurio
706 2042 900 2129 adtribuunt,
924 2044 1011 2128 quod
1032 2044 1061 2109 is
1080 2044 1200 2128 primus
1219 2063 1292 2109 eorr-

186 2146 288 2214 stituit
309 2149 453 2216 ordinem
475 2152 557 2217 oaeli
580 2156 612 2217 et
632 2151 798 2218 stellarum
820 2159 852 2218 et
866 2153 1025 2220 horarum.
1048 2151 1172 2237 Stilbo
1194 2172 1292 2219 uoea·
1306 2195 1330 2234 1⁵

186 2263 235 2323 tar
255 2260 317 2325 hao
340 2280 381 2327 ex
405 2263 533 2328 oausa's

187 2578 202 2632 1
215 2577 325 2649 pheuou
340 2579 386 2631 ΑΡ
395 2574 412 2646 Η
425 2575 578 2635 seeundum
590 2580 613 2629 P
626 2574 639 2648 Η
652 2578 771 2649 phithon
780 2580 804 2629 A
819 2575 833 2647 Η
847 2576 946 2646 phiton
959 2580 982 2633 P
993 2573 1006 2645 Η
1021 2576 1231 2644 cognominatur
1242 2582 1266 2630 P
1277 2575 1293 2647 Η

186 2662 353 2735 2Ρ18ιὴοαα
365 2667 388 2714 Δ
410 2661 424 2734 Η
444 2662 560 2732 phitone
574 2668 595 2715 P
614 2661 626 2734 Η
648 2664 695 2734 qui
712 2674 775 2721 ante
787 2666 856 2735 post
867 2664 932 2715 addi
944 2664 1027 2715 troas
1047 2661 1059 2731 Η
1079 2660 1199 2717 fluminis
1212 2666 1260 2714 Ar
1276 2661 1292 2732 Η

187 2750 205 2804 3
223 2749 343 2818 sydusP
361 2748 375 2819 Η
394 2750 412 2804 3
429 2749 553 2820 piroisP
572 2748 585 2820 Η
605 2750 698 2819 ignem
710 2754 761 2803 ΑΡ
779 2748 792 2822 Η
811 2750 923 2818 igneum
940 2751 1037 2816 scripsi
1058 2747 1071 2821 Η
1091 2748 1173 2818 igneo
1191 2750 1293 2805 sesae

188 2854 261 2904 hort.
282 2851 295 2923 Η
315 2853 404 2907 colori
420 2857 443 2905 Δ
468 2850 483 2922 Η
508 2852 596 2907 oolori
613 2858 636 2907 P
659 2852 674 2925 Η
698 2869 760 2907 uam
778 2856 922 2924 propter
939 2852 1087 2906 maximum
1105 2852 1197 2922 ignem
1216 2852 1291 2907 ealo-

186 2953 300 3010 remque
318 2957 331 2992 ε
356 2937 371 3010 Η
397 2940 414 2995 5
432 2940 503 2993 haee
521 2943 544 2992 P
566 2938 580 3009 Η
605 2942 622 2995 6
639 2940 779 2994 Vulcanus
798 2943 906 2993 sectoris
925 2957 938 2993 ε
960 2936 974 3009 Η
999 2938 1079 2992 missi
1098 2939 1133 2993 de
1152 2938 1291 2995 sideribus

187 3024 345 3095 (syderibus
357 3027 390 3095 P)
402 3030 451 3079 ΑΡ
462 3034 476 3097 Η
490 3043 546 3082 non
557 3026 612 3081 uisi
626 3026 662 3080 de
675 3012 698 3082 s.
710 3032 807 3096 scripsi
827 3026 841 3098 Η
860 3026 1024 3098 permissum
1037 3030 1098 3087 erut
1109 3028 1141 3080 ut
1153 3017 1292 3081 sideribus

187 3114 350 3166 subrubea-h.
371 3111 386 3184 Η
405 3114 421 3169 'i
440 3115 554 3185 phyrois
567 3115 723 3168 deletohA
745 3111 758 3184 Η
778 3114 872 3184 pyrois
892 3116 915 3165 P
933 3111 946 3183 Η
966 3115 983 3169 8
1002 3115 1115 3182 quartus
1133 3111 1218 3182 sydus
1237 3116 1260 3165 P
1278 3112 1292 3183 Η

186 3218 384 3289 BosphorusP
402 3217 416 3288 Η
435 3199 495 3303 ἦτα
507 3223 531 3272 Α
551 3218 565 3291 Η
586 3224 688 3275 ouroP
705 3219 719 3291 Η
739 3234 848 3273 aureos
869 3216 881 3289 Η
901 3220 918 3272 9
933 3214 1083 3286 syderibus
1095 3222 1119 3270 P
1136 3215 1150 3288 Η
1169 3217 1293 3287 bospho-

185 3320 245 3365 mm
258 3309 281 3358 P
296 3304 312 3376 Η
332 3307 367 3362 10
384 3321 436 3377 pes
455 3312 542 3379 amr
561 3308 574 3379 Η
595 3311 680 3380 caput
697 3312 720 3360 P
737 3303 751 3377 Η
770 3304 1027 3376 exepyceranuitA
1048 3302 1063 3375 Η
1081 3304 1136 3359 mse
1154 3306 1245 3357 autem
1264 3307 1294 3356 et

186 3390 259 3447 filius
270 3391 398 3448 Aurorae
416 3397 447 3448 et
465 3393 590 3466 Cephali,
610 3411 691 3466 quem
709 3394 744 3448 ob
758 3409 880 3448 amorem
899 3408 940 3465 ex·
953 3391 1033 3467 epioe
1045 3389 1173 3461 Hymetti
1191 3388 1293 3443 montis

186 3480 280 3551 rapuit
297 3481 460 3549 Schoaboch.
481 3480 495 3553 Η
516 3487 562 3538 est
572 3482 700 3537 Aurorae
713 3485 743 3537 et
755 3481 872 3553 Cephali
890 3474 962 3533 filius
973 3518 980 3533 .
993 3478 1029 3533 ob
1048 3492 1168 3531 amorem
1180 3476 1292 3547 Aphro·

187 3565 245 3637 dite
263 3567 357 3638 rapuit
375 3587 387 3622 ε
407 3569 420 3639 Η
441 3571 474 3625 11
493 3570 572 3624 caelo
591 3569 742 3623 honoratus
761 3573 784 3620 P
801 3567 815 3640 Η
835 3570 869 3623 12
887 3566 1012 3636 utrisque
1033 3566 1074 3618 eis
1093 3563 1257 3633 partibusA
1278 3561 1292 3632 Η

185 3654 310 3725 utrisque
326 3648 488 3726 partibusP
507 3656 520 3727 Η
539 3657 664 3726 utrisque
678 3656 739 3710 eius
750 3653 903 3726 partibuss
922 3651 935 3724 Η
955 3651 1113 3721 bosphorus
1125 3656 1150 3703 P
1167 3648 1181 3720 Η
1201 3651 1235 3705 13
1248 3664 1292 3718 sy-

187 3740 238 3795 dus
256 3747 279 3793 P
297 3742 318 3813 Η
332 3742 448 3797 stilboni
465 3746 583 3797 uocatur
601 3747 624 3795 P
641 3741 655 3813 Η
675 3741 834 3813 postillam
852 3743 901 3791 ΔΡ
918 3738 931 3810 Η
950 3738 1082 3810 pusillum
1100 3755 1112 3790 ε
1132 3734 1146 3807 Η
1167 3738 1201 3791 14
1217 3736 1291 3790 Mer·

186 3830 279 3884 errius
298 3829 426 3900 (uocatur
444 3828 565 3901 Stilbon)
591 3833 636 3884 est
658 3828 770 3900 quidem
788 3827 919 3900 pusillum
937 3844 950 3880 ε
978 3825 992 3898 Η
1021 3823 1190 3879 adtributum
1209 3826 1254 3875 ΑΡ
1277 3820 1291 3892 Η

186 3915 348 3975 adtribuunt
365 3922 462 3986 scripsi
481 3918 494 3988 Η
513 3917 558 3973 his
577 3922 600 3970 P
619 3914 632 3990 Η
652 3918 729 3989 prius
747 3920 795 3970 ΑΡ
817 3915 830 3986 Η
855 3914 959 3986 primus
978 3910 1140 3965 Srhooborh.
1160 3908 1175 3980 Η
1195 3908 1229 3967 15
1248 3925 1291 3963 or·

186 4003 250 4060 bem
269 4008 315 4057 ΑΡ
338 4003 353 4075 Η
376 4003 502 4060 ordinem
519 4009 616 4074 scripsi
641 4002 654 4076 ΙΙ
679 4005 713 4060 16
730 4013 790 4071 post
809 4017 895 4058 eausa
913 4002 1015 4070 aliquid
1034 3999 1166 4051 recidisse
1184 3999 1292 4049 uidetur

186 4097 222 4160 uf.
243 4094 415 4148 cot.xh111
430 4096 555 4160 Στίλβων
572 4092 604 4146 δὲ
621 4094 744 4146 καλεῖται
762 4091 808 4145 ded
830 4089 860 4145 τὸ
885 4090 1044 4160 φαντασίαν
1061 4080 1188 4150 τοιαύτην
1207 4077 1294 4136 αὐτόν.
1397 4146 1407 4167 ,ι

186 4183 277 4236 ποιεῖν
295 4188 362 4251 quoe
381 4182 486 4253 quidem
506 4180 695 4236 Cotasterismi
712 4179 794 4235 uerbo
813 4180 927 4235 delendo
945 4178 1046 4231 reema
1063 4175 1183 4244 Haustus
1203 4169 1216 4240 Η
1246 4170 1252 4181 “
