3202 5200
801 485 1037 551 -212-

327 661 471 729 SNuma
492 657 653 722 constituit
674 675 758 721 anno
774 656 865 738 regni
887 655 937 720 sui
959 656 1016 741 XI,
1041 675 1125 739 quae
1140 676 1224 722 nunc
1239 661 1376 741 aguntur
1397 681 1427 720 a.
1444 654 1477 720 d.

373 771 440 835 VII
457 769 520 832 icat:
544 769 623 832 Mai.
651 765 801 848 quoniam
832 771 907 828 tuno
934 764 1000 830 fcre
1027 773 1154 850 segetes
1181 767 1294 852 robigo
1330 772 1474 848 occupat.

364 878 424 943 hoc
453 885 579 960 tempus
601 878 702 941 Varro
731 873 955 941 detcrminauit
977 877 1045 940 sole
1067 878 1149 940 tauri
1171 882 1294 961 partem
1318 876 1476 940 decimam

364 987 536 1069 obtinente,
559 984 642 1051 sieut
663 990 737 1049 tuno
758 984 884 1050 ferebat
905 985 996 1050 ratio.
1020 985 1077 1049 sed
1099 1004 1178 1050 uera
1197 1005 1297 1050 causa
1319 989 1367 1049 est
1389 980 1477 1066 quod

339 1102 436 1179 spost
458 1097 528 1162 dies
549 1095 616 1160 XX
638 1094 679 1159 ab
702 1093 907 1176 aequinoctio
930 1114 1028 1158 uerno
1044 1093 1151 1177 perid
1166 1094 1369 1177 quatriduum
1384 1092 1478 1157 uaria

363 1207 505 1289 gentium
528 1205 753 1271 obseruatione
780 1204 812 1268 in
836 1203 901 1268 IIII
928 1204 992 1268 kal.
1017 1204 1091 1268 Mai.
1116 1204 1205 1269 canis
1227 1203 1358 1281 occidit,
1386 1201 1476 1266 sidus

364 1320 397 1380 et
423 1334 480 1398 per
508 1335 544 1380 se
567 1316 741 1379 uehemens
767 1321 800 1379 ct
821 1314 873 1379 cui
896 1312 1123 1396 praeoccidere
1144 1313 1322 1380 caniculam
1343 1329 1477 1376 necesse

364 1425 413 1489 sit.
438 1425 545 1506 itaquo
566 1424 651 1488 idem
674 1423 816 1488 Floralia
837 1422 898 1486 ΠΗ
920 1423 985 1486 kal.
1008 1421 1140 1487 casdem
1162 1423 1367 1488 instituerunt
1387 1420 1476 1485 urbis

365 1553 448 1598 anno
465 1534 573 1598 DXVI
593 1554 632 1597 ex
655 1533 793 1597 oraculis
816 1531 970 1616 Sibyllae,
994 1537 1029 1596 ut
1050 1532 1158 1596 omnia
1181 1532 1264 1597 benc
1286 1530 1476 1595 defloresce-

327 1669 351 1707 m
362 1648 441 1707 rcnt.
466 1643 549 1707 hune
564 1642 649 1707 diem
664 1641 766 1706 Varro
783 1640 974 1706 determinat
989 1642 1056 1706 sole
1077 1641 1161 1707 tauri
1184 1645 1305 1724 partem
1330 1645 1476 1721 quartam

363 1751 519 1817 decimam
543 1751 714 1817 obtinente.
738 1770 816 1832 ergo
839 1751 922 1815 siin
946 1751 1005 1815 hoc
1021 1750 1225 1832 quatriduum
1240 1748 1387 1814 inciderit
1407 1748 1475 1831 ple-

364 1860 529 1938 nilunium,
552 1861 660 1943 fruges
676 1867 709 1924 et
728 1859 836 1926 omnia
859 1879 943 1942 quac
958 1859 1119 1925 florebunt
1140 1859 1226 1925 laedi
1247 1878 1381 1924 necesse
1404 1857 1475 1922 erit.

362 1968 490 2035 Vinalia
512 1971 633 2052 priora,
657 1989 739 2053 quae
767 1975 841 2034 ante
872 1970 929 2033 hos
957 1969 1028 2034 dics
1055 1975 1129 2034 sunt
1158 1969 1192 2034 id
1219 1975 1269 2036 est
1291 1969 1385 2034 †Vlll
1406 1968 1473 2032 kal.

362 2078 453 2143 Mart.
480 2077 691 2160 degustandis
719 2078 803 2144 uinis
825 2078 984 2156 instituta,
1012 2077 1090 2142 nibil
1119 2081 1162 2145 ad
1190 2081 1311 2146 fructus
1339 2078 1476 2143 attinent

325 2217 349 2254 15
361 2206 421 2251 nec
443 2207 526 2269 quac
548 2187 654 2252 adhuc
675 2195 710 2253 ut
732 2188 870 2252 diximus
891 2187 932 2252 ad
949 2189 1030 2253 uites
1053 2190 1219 2272 oleasque,
1244 2188 1396 2273 quoniam
1420 2206 1475 2253 ea-

361 2317 430 2359 rum
453 2304 624 2381 conceptus
647 2298 687 2361 ab
710 2303 822 2362 exortu
845 2297 1051 2378 uergiliarum
1073 2299 1183 2382 incipit
1204 2298 1237 2363 id
1260 2305 1309 2366 est
1330 2318 1358 2361 a.
1376 2296 1405 2360 d.
1430 2297 1476 2360 VI

359 2405 402 2468 id.
418 2404 502 2482 Mai„
526 2411 560 2469 ut
582 2426 680 2490 supra
694 2407 870 2472 docuimus.
895 2407 983 2471 aliud
998 2408 1060 2474 hoc
1076 2408 1280 2491 quatriduum
1302 2412 1360 2485 est,
1383 2406 1475 2488 quod

359 2532 463 2595 neque
485 2533 557 2579 rorc
573 2516 703 2582 sordere
718 2516 823 2601 uelim,
848 2516 994 2581 cxhaurit
1017 2517 1101 2582 enim
1123 2516 1275 2601 frigidum
1290 2517 1380 2583 sidus
1402 2535 1474 2581 arc-

320 2690 456 2753 Spostco
475 2687 627 2738 surtirias
658 2687 671 2756 Η
701 2688 851 2757 Rubiguliu
875 2694 895 2741 V
926 2689 939 2760 Η
973 2690 1173 2744 leostitoits
1204 2689 1218 2760 Η
1250 2706 1274 2744 a.
1295 2689 1321 2742 d.
1339 2689 1399 2742 VII
1416 2688 1474 2742 kal.

359 2772 426 2825 Mai.
446 2774 548 2824 Plinius
568 2772 582 2843 Η
602 2773 638 2827 ad
657 2775 715 2828 VH
734 2775 786 2832 cal.
804 2776 870 2829 Mei.
890 2778 905 2827 b
925 2795 974 2832 om.
992 2782 1041 2830 SV
1059 2778 1073 2848 Η
1092 2777 1227 2845 ambigo
1252 2780 1288 2829 Vb
1309 2778 1322 2847 Η
1341 2778 1359 2832 3
1378 2776 1473 2830 deter-

359 2860 447 2916 minat
465 2865 479 2914 b
499 2862 602 2932 Plinius
630 2861 643 2930 Η
672 2862 766 2916 soliS
796 2863 809 2933 Η
838 2862 1087 2918 tobtinsntoms
1117 2863 1130 2933 Η
1159 2865 1304 2934 optinente
1325 2868 1426 2917 Ptiotos
1457 2861 1472 2936 Η

358 2929 570 3020 saleardus
590 2965 603 3035 Η
624 2966 777 3020 oresxxr
801 2965 854 3036 νΗ
875 2966 1061 3021 oresxmo
1081 2968 1094 3038 Η
1115 2962 1472 3041 oresxxxrriimoop

359 3052 421 3106 dies
440 3052 616 3121 undeuiginti
635 3060 738 3109 Plinius
763 3053 778 3127 Η
802 3053 831 3106 id
851 3059 895 3109 cst
915 3055 994 3126 (corr.
1008 3075 1043 3109 ec
1062 3054 1146 3126 idem)
1165 3059 1186 3108 S
1206 3054 1219 3125 Η
1244 3071 1294 3125 per
1313 3055 1474 3124 quatridum

357 3146 406 3193 SV
426 3141 439 3211 Η
463 3156 513 3211 per
532 3139 561 3193 id
581 3142 756 3212 quatriduum
775 3145 907 3196 thioiss
932 3142 947 3213 Η
974 3159 1039 3197 uera
1061 3149 1084 3196 V
1108 3144 1120 3214 Η
1146 3147 1163 3200 6
1181 3144 1269 3198 XIIII
1286 3143 1315 3195 kl
1333 3148 1394 3197 mai.
1416 3153 1436 3196 S
1458 3143 1472 3213 Η

358 3228 386 3281 in
405 3232 504 3298 quarto
523 3228 575 3282 cal.
593 3229 662 3283 Maii
682 3231 696 3279 t
722 3229 736 3300 Η
764 3228 842 3283 sidus
861 3249 911 3283 oro.
929 3235 950 3282 V
973 3229 988 3302 Η
1014 3233 1166 3286 luccesse
1185 3235 1231 3285 cst
1254 3236 1275 3283 V
1299 3230 1312 3301 Η
1338 3233 1355 3286 8
1373 3230 1472 3301 itaque

358 3315 456 3368 eudem
475 3315 583 3370 floralia
606 3320 628 3368 V
652 3314 666 3385 Η
692 3316 770 3369 Idem
790 3317 885 3385 itaque
904 3316 1062 3372 Floraliab
1087 3319 1100 3389 Η
1127 3320 1222 3388 itaque
1241 3317 1325 3371 iidem
1343 3317 1474 3371 Floralia

358 3404 461 3454 Plinius
481 3401 493 3472 Η
515 3403 640 3456 eiusdem
658 3404 694 3454 Vb
715 3400 729 3472 Η
748 3404 765 3456 9
784 3418 855 3456 auno
875 3402 1008 3463 dlxvii
1033 3410 1053 3458 S
1073 3406 1087 3477 Η
1108 3406 1208 3476 sybilla
1226 3409 1247 3458 S
1267 3404 1281 3474 Η
1301 3404 1394 3458 sibilie
1413 3410 1436 3457 V
1456 3405 1472 3476 Η

357 3490 392 3543 10
410 3489 464 3543 soli
482 3492 504 3541 S
522 3490 536 3560 Η
558 3492 589 3544 11
611 3491 783 3544 obtinentem
802 3494 823 3541 S
842 3489 856 3561 Η
878 3492 1023 3561 optinente
1042 3497 1178 3546 VPliuios
1199 3492 1212 3564 Η
1232 3493 1266 3547 12
1285 3492 1377 3545 omnia
1395 3492 1471 3545 benc

357 3573 495 3628 florebunt
518 3581 538 3627 V
558 3574 571 3645 Η
591 3592 708 3631 neccsse
728 3596 764 3630 ee
782 3596 852 3631 corr.
872 3583 899 3630 iu
918 3598 972 3631 ros.
992 3584 1013 3631 S
1033 3580 1047 3649 Η
1068 3582 1102 3636 13
1119 3580 1174 3650 idle
1192 3585 1213 3633 S
1233 3578 1247 3651 Η
1267 3578 1341 3633 idem
1364 3584 1386 3631 V
1404 3577 1417 3650 Η
1440 3580 1471 3632 id
1562 3606 1563 3629 1

357 3663 402 3744 est
414 3679 464 3713 om.
477 3662 603 3714 tulistis
622 3662 637 3733 Η
657 3664 731 3717 VIII
742 3664 772 3717 kl
784 3669 833 3718 SV
845 3665 858 3736 Η
879 3666 921 3719 ΙΧ
934 3666 985 3720 cal.
999 3667 1013 3717 b
1033 3666 1048 3736 Η
1068 3666 1141 3721 VIII
1153 3667 1207 3720 kal.
1221 3670 1323 3720 Plinius
1343 3665 1357 3736 Η
1377 3667 1412 3721 14
1423 3668 1468 3719 uI·
1561 3684 1562 3725 l

356 3746 400 3798 nis
420 3764 537 3802 corana
555 3755 663 3803 unusS
689 3750 702 3820 Η
730 3750 851 3804 uicch
875 3751 889 3822 Η
915 3754 1059 3806 actinetS
1080 3754 1093 3823 Η
1114 3755 1216 3808 attinet
1239 3758 1260 3806 V
1280 3752 1293 3822 Η
1313 3753 1471 3806 attinenti
1560 3764 1561 3819 Η

357 3836 460 3885 Plinius
479 3832 494 3904 Η
514 3836 547 3890 15
566 3838 602 3897 u3
622 3837 745 3891 adhucS
765 3837 779 3908 Η
799 3853 851 3891 nec
871 3854 942 3907 quac
956 3844 970 3890 b
992 3842 1005 3913 Η
1026 3843 1060 3897 16
1078 3844 1231 3911 conceptus
1245 3840 1281 3893 eb
1295 3844 1392 3894 exortu
1405 3857 1469 3895 ver·
1559 3884 1560 3915 Η

357 3919 483 3986 giliarum
503 3929 656 3993 conceptus
676 3923 711 3977 ab
731 3928 829 3977 exortu
848 3926 949 3997 incipit
967 3933 988 3979 S
1013 3929 1027 3999 Η
1056 3928 1091 3982 ab
1110 3948 1159 3980 oni.
1173 3929 1188 3978 b
1203 3931 1306 3980 Plinius
1331 3927 1344 3999 Η
1373 3927 1402 3980 id
1422 3933 1472 3982 eut
1558 3946 1559 4009 Η

357 4023 406 4058 om.
421 4009 436 4058 b
449 4013 552 4061 Plinius
573 4008 585 4077 Η
606 4027 623 4063 a
642 4011 685 4063 VI
702 4010 747 4080 yd’
767 4015 787 4062 S
808 4012 822 4083 Η
842 4014 963 4068 aVIid¹
983 4019 1005 4066 V
1023 4015 1036 4085 Η
1057 4015 1092 4068 ad
1112 4019 1220 4068 sextum
1239 4013 1307 4068 Idus
1327 4018 1341 4067 t
1361 4015 1375 4085 Η
1395 4032 1420 4075 u.
1443 4016 1470 4069 d.
1556 4030 1558 4123 Η

355 4093 399 4146 VI
417 4093 455 4147 id.
475 4100 578 4148 Plinius
598 4095 612 4166 Η
632 4099 664 4152 17
684 4113 768 4167 supra
787 4118 836 4150 ont.
851 4101 865 4149 b
879 4105 982 4153 Plinius
1001 4102 1094 4171 supra]
1107 4122 1133 4169 p.
1144 4107 1206 4165 tot,
1217 4112 1249 4156 14
1262 4100 1276 4171 ΙΙ
1290 4102 1470 4171 quinarium
1555 4132 1557 4201 Η

354 4184 375 4232 S
396 4180 409 4247 Η
431 4197 485 4250 quo
504 4185 526 4233 V
543 4180 558 4250 Η
579 4183 612 4236 18
624 4198 713 4236 rorem
732 4191 753 4237 V
773 4182 785 4254 ῑΙ
806 4187 934 4256 εοτιιίΗάθ
948 4193 969 4240 S
983 4187 997 4259 Η
1013 4189 1121 4243 sorberi
1139 4189 1186 4258 Vll
1202 4191 1317 4244 sordere
1337 4192 1351 4239 b
1372 4191 1386 4259 Η
1407 4207 1470 4244 sor·
1555 4230 1556 4235 κ

355 4284 412 4337 bile
432 4290 514 4338 tonas
539 4285 554 4356 Η
580 4286 700 4341 uelintb
725 4291 740 4362 Η
767 4281 905 4344 exsul-ens
925 4291 1094 4361 frigidumS
1118 4291 1132 4363 Η
1160 4294 1339 4355 exhauriente
1364 4295 1472 4363 frigido
1553 4306 1555 4327 ³
