3202 5200
578 489 813 557 -213-

139 659 202 724 turi
224 658 377 741 postridie
399 659 558 737 occidens,
582 664 613 724 et
633 658 732 723 multo
754 660 859 724 minus
875 660 1082 743 plenilunium
1099 661 1294 735 incidereS

138 769 184 832 III
206 788 309 833 nonas
331 769 397 831 Iun.
421 769 535 834 iterum
558 765 669 849 aquila
692 768 833 833 exoritur
854 769 981 852 uesperi
997 769 1174 836 decretorio
1197 774 1249 839 die

139 877 326 942 florentibus
356 877 436 943 oleis
459 878 656 958 uitibusque‚
687 876 714 940 si
736 877 946 960 plenilunium
968 879 1001 943 in
1025 900 1098 944 eum
1119 880 1249 946 incidat.

140 985 288 1068 equidem
311 993 342 1052 et
364 987 534 1053 solstitium
548 984 625 1049 VIII
637 984 701 1048 kal.
716 985 785 1079 Iul.
809 985 843 1050 in
866 987 962 1052 simili
985 1009 1083 1055 causa
1105 988 1252 1055 duxerim

96 1077 97 1080 ¹
140 1100 171 1160 et
193 1095 281 1160 canis
296 1101 400 1160 onum
415 1101 488 1180 post
503 1096 572 1160 dies
588 1115 608 1158 a
623 1092 760 1159 solstitio
783 1094 898 1176 uiginti
913 1103 990 1176 tres,
1006 1098 1066 1164 sed
1081 1098 1249 1165 interlunio
1275 1114 1287 1152 ⁵

139 1202 316 1282 accidente,
328 1204 479 1286 quoniam
496 1224 616 1287 uapore
629 1207 753 1267 constat
765 1204 860 1286 culpa
872 1207 1018 1291 acinique
1029 1227 1249 1292 praecoquen-

140 1319 190 1375 tur
204 1312 237 1376 iu
252 1312 380 1377 callum.
404 1334 528 1379 rursum
551 1311 760 1396 plenilunium
782 1320 878 1398 nocet
893 1336 923 1380 a.
940 1317 970 1380 d.
986 1318 1048 1382 ΠΙΙ
1063 1337 1165 1383 nonas
1181 1316 1250 1395 Iul,

139 1440 210 1486 eum
225 1421 375 1507 Aegypto
393 1422 539 1488 canicula
555 1421 704 1503 exoritur,
718 1421 771 1486 uel
787 1429 872 1488 certe
888 1425 966 1489 XVI
980 1425 1046 1490 kal.
1062 1428 1155 1509 Aug„
1179 1446 1249 1490 cum

137 1530 252 1595 Italiac
276 1532 387 1610 oritur,
419 1532 495 1596 item
516 1529 599 1617 XIII
621 1529 687 1593 kal.
710 1532 807 1613 Aug„
832 1552 904 1596 eum
927 1534 1038 1616 aquila
1062 1534 1177 1600 occidit
1200 1555 1249 1599 us-

139 1659 200 1720 que
223 1640 254 1703 in
271 1641 303 1704 X
317 1640 381 1704 kal.
399 1639 552 1705 eiusdem.
577 1643 670 1704 extra
691 1637 751 1703 has
774 1659 888 1706 causas
911 1649 985 1708 sunt
1001 1644 1129 1710 Vinalia
1145 1644 1248 1709 altera
1260 1662 1286 1700 10

138 1768 221 1830 quae
244 1756 383 1830 aguntur
404 1769 433 1813 a.
457 1749 487 1812 d.
510 1749 608 1814 XIIII
630 1749 696 1813 kal.
719 1747 895 1833 Septembr.
935 1753 1035 1817 Varro
1058 1775 1098 1819 ea
1119 1754 1249 1819 fidicula

137 1857 309 1940 incipiente
333 1857 480 1923 occidere
503 1879 600 1924 mane
624 1857 822 1938 determinat,
847 1861 935 1942 quod
956 1862 1025 1926 uult
1046 1863 1170 1927 initium
1192 1884 1248 1928 au-

136 1968 237 2029 tumni
265 1985 335 2030 esse
364 1972 395 2031 et
421 1966 505 2031 huno
531 1967 615 2033 diem
641 1966 758 2033 festum
784 1971 1029 2054 tempestatibus
1062 1971 1247 2041 inhibendis

136 2058 323 2139 institutum.
346 2095 431 2140 nunc
452 2075 612 2141 fidiculam
636 2077 783 2143 occidere
805 2098 835 2142 a.
859 2079 889 2143 d.
914 2081 958 2144 VI
978 2081 1050 2146 idus
1072 2083 1154 2163 Aug.
1177 2100 1245 2146 ser-

136 2189 236 2247 uatuu.
259 2183 341 2249 intra
356 2185 435 2250 haec
450 2190 573 2251 constat
588 2186 735 2251 caelestis
758 2188 910 2254 sterilitas
933 2209 1037 2272 neque
1060 2192 1245 2272 negauerim
1258 2209 1283 2247 1⁵

140 2444 162 2492 V
185 2440 196 2508 Η
225 2439 375 2494 exhorrent
393 2441 466 2494 enim
485 2440 613 2509 frigidum
633 2442 647 2491 b
673 2439 686 2511 Η
712 2442 839 2496 exhaurit
857 2444 930 2497 enim
949 2449 1046 2512 scripsi
1065 2446 1108 2511 (=
1126 2447 1242 2497 Plininu.
1261 2444 1282 2492 S

135 2529 210 2578 codd.
227 2526 276 2592 Ill)
297 2524 311 2595 Η
331 2527 421 2580 exurit
432 2531 535 2579 Plinius
556 2525 569 2597 Η
591 2525 708 2595 sydusS
723 2526 736 2597 Η
752 2527 843 2582 sidere
862 2528 910 2599 Vll
927 2532 1029 2584 arcturi
1042 2534 1129 2600 queS
1150 2527 1164 2600 Η
1183 2545 1243 2583 ere-

134 2611 188 2664 turi
208 2610 282 2680 quod
300 2616 383 2665 Vom.
397 2613 525 2665 bPlinius
545 2610 558 2681 Η
579 2614 594 2667 1
614 2613 719 2667 occidit
736 2620 758 2667 V
776 2613 789 2684 Η
811 2615 910 2668 incidit
927 2621 950 2668 V
968 2614 981 2685 Η
1001 2617 1018 2670 2
1037 2620 1135 2685 quarto
1154 2633 1243 2671 nonas

135 2698 150 2747 l
170 2695 184 2767 Η
202 2698 262 2751 ΙΙΠ
281 2713 368 2751 nonus
387 2702 491 2752 Plinius
511 2697 524 2769 Η
545 2699 610 2768 quia
629 2699 723 2768 aquila
746 2705 768 2753 V
790 2700 804 2770 Η
830 2700 977 2779 decretozq
996 2717 1030 2754 eo
1050 2700 1096 2754 die
1113 2705 1134 2754 S
1155 2702 1168 2772 Η
1189 2718 1243 2770 que

135 2783 196 2838 dies
216 2784 331 2839 decreta
350 2789 395 2839 est
417 2791 439 2838 V
460 2784 474 2856 Η
501 2784 657 2839 decretorio
678 2785 758 2838 dieb
783 2787 796 2857 Η
822 2789 839 2843 3
858 2788 1038 2858 plenilunium
1057 2794 1118 2841 meir
1137 2787 1245 2843 incidat

133 2876 155 2924 S
175 2870 188 2942 Η
208 2872 387 2943 plenilunium
406 2873 513 2928 ineidat
530 2879 553 2926 V
571 2872 584 2942 Η
604 2873 784 2943 plenilunium
803 2873 911 2927 iucidat
928 2875 957 2928 in
976 2891 1038 2928 eum
1056 2877 1071 2927 b
1092 2874 1106 2947 Η
1125 2875 1242 2946 plenilu-

133 2959 208 3013 nium
227 2960 255 3013 in
274 2976 335 3014 eum
353 2960 460 3015 incidet
479 2964 581 3013 Plinius
600 2964 635 3027 cf.
660 2964 771 3015 Vrlielrs.
791 2965 888 3013 uindic.
908 2964 976 3014 Plin.
996 2965 1028 3012 11
1044 2970 1079 3013 66
1097 2964 1208 3031 (neec)
1229 2964 1242 3033 Η

131 3064 151 3117 4
169 3062 325 3117 solsticium
344 3069 364 3116 S
385 3063 398 3135 Η
421 3034 508 3120 ·XI⁰H·
528 3064 560 3121 kl
578 3063 660 3119 iulias
680 3070 700 3118 S
727 3064 740 3136 Η
766 3042 866 3121 octauo
887 3065 938 3120 eal.
957 3066 1053 3121 Iunias
1073 3069 1087 3119 b
1107 3065 1121 3137 Η
1146 3067 1174 3120 in
1194 3085 1244 3121 orn.

130 3153 238 3202 Plinius
257 3150 270 3219 Η
291 3167 359 3205 cusu
381 3151 497 3206 dixerim
510 3155 524 3204 l·
545 3154 559 3224 Η
577 3154 594 3209 5
613 3153 649 3206 ab
669 3152 791 3207 solstItio
809 3158 831 3205 V
850 3152 863 3223 Η
883 3153 983 3221 igoniti
997 3147 1042 3207 tr‘d
1058 3159 1121 3213 ssS
1141 3152 1154 3224 Η
1173 3155 1242 3208 iolu·

130 3237 180 3290 nio
200 3240 221 3288 S
241 3234 254 3306 Η
274 3241 291 3293 6
309 3238 451 3294 incidente
475 3244 497 3292 V
515 3238 529 3309 Η
550 3243 643 3294 eostut
660 3243 681 3292 S
702 3239 714 3311 Η
736 3240 771 3293 ab
791 3240 856 3310 iniq
868 3245 1056 3311 precequntur
1075 3245 1086 3294 i
1103 3243 1203 3296 callum
1223 3246 1244 3292 8

129 3324 147 3395 Η
169 3326 204 3378 ab
223 3326 319 3396 iniquo
338 3328 544 3396 preeoquuntur
563 3326 656 3380 calore
675 3331 697 3378 V
715 3326 728 3396 Η
749 3327 878 3397 acinique
895 3333 1121 3399 praecoquuntur
1139 3328 1167 3381 in
1186 3328 1243 3382 cal-

127 3411 187 3465 lum
208 3410 256 3483 llll
276 3416 479 3483 praecocuntur
491 3418 594 3466 Plinius
615 3412 628 3483 Η
649 3413 785 3468 IRursus
803 3417 839 3467 Vb
849 3418 953 3468 Plinius
974 3415 986 3485 Η
1007 3415 1213 3486 pleniliniumS
1228 3414 1242 3485 Η

126 3498 168 3551 ad
186 3500 245 3553 IIII
263 3515 352 3553 nonas
370 3504 391 3551 S
412 3500 425 3569 Η
445 3501 505 3554 ΠΠ
523 3517 611 3555 nouas
636 3506 658 3553 V
676 3501 689 3570 Η
716 3499 751 3553 ad
772 3505 898 3569 quartum
917 3518 1005 3556 nonas
1025 3503 1039 3552 b
1061 3501 1074 3570 Η
1095 3518 1119 3554 a.
1139 3500 1165 3553 d.
1184 3502 1244 3556 1111

85 3602 94 3610 ·
125 3600 220 3639 nonas
241 3590 343 3638 Plinius
366 3585 379 3655 Η
405 3589 423 3640 8
442 3587 538 3657 egipto
558 3592 578 3638 S
604 3587 617 3656 Η
646 3591 749 3657 egypto
772 3592 795 3639 V
818 3586 831 3657 Η
858 3591 875 3642 9
893 3586 979 3655 ytalie
999 3590 1020 3636 S
1044 3586 1058 3657 Η
1084 3588 1162 3640 italie
1187 3593 1209 3640 V
1228 3589 1240 3657 Η
1318 3660 1321 3667 b

129 3672 256 3726 exoritur
273 3673 310 3725 Vb
328 3671 344 3742 Η
365 3673 452 3726 oritur
470 3690 520 3725 oni.
534 3675 637 3725 Plinius
658 3671 672 3741 Η
690 3687 780 3740 usque
799 3671 835 3724 ad
853 3677 876 3724 V
894 3671 906 3739 Η
927 3674 962 3727 10
980 3671 1094 3725 eusdem
1110 3676 1214 3726 Plinius
1229 3672 1242 3745 Η

129 3761 183 3814 has
203 3764 251 3812 ees
270 3763 291 3810 8
311 3757 325 3829 Η
344 3759 397 3812 hos
416 3773 499 3811 casus
523 3762 546 3809 V
563 3756 576 3827 Η
596 3757 647 3810 hae
667 3773 768 3811 causas
787 3759 801 3808 i
827 3757 840 3826 Η
867 3757 899 3811 11
920 3756 955 3810 ad
974 3758 1061 3811 XIIII
1080 3762 1101 3810 8
1122 3758 1135 3829 Η
1155 3761 1243 3816 XIIII

135 3853 158 3900 V
177 3843 189 3914 Η
208 3845 282 3898 ΧΠΙ
301 3846 315 3894 b
336 3844 349 3913 Η
370 3861 394 3898 a.
414 3843 440 3897 d.
459 3843 547 3897 XIIII
565 3847 668 3896 Plinius
689 3843 702 3914 Η
727 3847 759 3897 ut
777 3843 817 3896 ait
835 3843 927 3898 Varro
951 3850 974 3897 V
992 3844 1007 3915 Η
1032 3849 1062 3899 et
1079 3846 1170 3900 Varro
1191 3850 1206 3898 l
1227 3848 1240 3917 Η

131 3935 161 3984 et
179 3946 196 3983 a
213 3928 357 4001 phidieula
374 3934 394 3981 S
416 3927 430 4000 Η
451 3933 480 3983 et
497 3928 647 4000 phydicula
670 3936 693 3983 V
711 3928 725 4000 Η
745 3947 761 3983 a
778 3930 910 3985 Fidicula
929 3933 943 3983 b
964 3931 978 4002 Η
999 3948 1033 3985 sa
1051 3932 1164 3987 fidicula
1182 3939 1241 3987 Pli-

130 4020 191 4069 nius
216 4013 230 4085 ΙΙ
256 4018 290 4071 12
308 4016 448 4086 incipiens
467 4017 571 4070 exoriri
593 4015 647 4085 Vll
666 4016 727 4070 uolt
744 4021 848 4070 Plinr'us
873 4017 886 4088 Η
912 4020 946 4074 13
964 4019 1105 4075 inhiendis
1124 4026 1145 4073 8
1166 4021 1180 4091 Η
1200 4022 1240 4075 le·

131 4100 242 4155 niendIs
262 4117 326 4157 esse
346 4104 361 4154 i
383 4103 395 4173 Η
415 4102 553 4157 leniendis
572 4107 678 4156 Plinius
698 4101 711 4173 Η
737 4102 1032 4160 renunciaturos
1052 4107 1069 4178 Η
1087 4112 1154 4161 tune
1172 4110 1240 4179 phy-

132 4185 252 4239 diculam
269 4194 292 4241 V
311 4189 324 4259 Η
343 4205 416 4244 nune
433 4188 590 4243 Ridiculum
609 4192 624 4242 b
644 4188 657 4260 Η
679 4189 714 4244 ad
732 4190 777 4244 VI
796 4189 892 4245 idusS
913 4191 927 4263 Η
946 4194 991 4248 VI
1002 4193 1064 4247 idus
1083 4196 1106 4246 V
1124 4193 1139 4264 Η
1159 4199 1241 4249 sexto

26 4267 35 4275 ”
130 4271 199 4327 Idus
218 4273 232 4323 b
254 4273 268 4343 Η
288 4289 311 4328 a.
325 4274 351 4328 d.
364 4274 409 4329 VI
427 4273 490 4331 idus
509 4280 612 4330 Plinius
631 4275 646 4349 Η
666 4278 831 4337 obsecuntur
852 4280 889 4332 Vl
909 4277 924 4351 Η
945 4280 979 4336 15
999 4279 1140 4337 sterelitas
1159 4284 1180 4333 S
1201 4280 1234 4355 Η
