3202 5200
771 505 1007 575 ..236-

312 688 315 693 “
334 682 535 762 persecutam
558 677 754 743 arbitrantur
775 680 989 758 uooatamque
1005 675 1175 740 Eleotram.
1200 674 1345 737 nonnulli
1366 694 1445 739 uero

334 788 488 871 Meropen
520 806 593 853 esse
621 789 803 869 autumant,
833 774 919 868 qua'e
948 804 969 848 a
997 783 1138 865 quodam
1164 787 1263 866 nupta
1285 785 1447 848 nomenata

317 888 377 960 'sit
399 895 593 980 Ypodamia.
725 894 732 905 '

422 1005 539 1070 Contra
561 1018 679 1091 spectat
700 1003 802 1090 auem]
827 1028 857 1067 u.
880 1005 940 1067 275

309 1130 322 1168 ⁶
420 1114 508 1198 Lyr'a
534 1113 635 1178 habet
663 1113 775 1178 stellas
802 1112 835 1175 iu
863 1116 998 1194 utroque
1023 1108 1148 1194 pertine
1174 1131 1200 1186 1,
1234 1109 1267 1174 in
1300 1108 1448 1191 singulos

334 1222 470 1305 pedales
491 1245 516 1300 1,
544 1223 577 1288 in
600 1221 731 1288 modulo
755 1245 780 1298 1,
807 1221 842 1284 in
864 1227 999 1303 utroque
1022 1237 1130 1282 umero
1153 1240 1180 1292 1,
1210 1217 1244 1280 in
1265 1217 1340 1303 iugo
1363 1240 1389 1296 1,
1411 1219 1446 1281 in

335 1337 490 1416 tympano
513 1330 720 1416 splendidam
741 1336 838 1412 atque
853 1329 1026 1395 candidam
1048 1351 1068 1391 1.
1093 1331 1166 1391 sunt
1189 1346 1300 1391 omnes
1322 1348 1401 1389 vnn.

323 1436 328 1445 ’
420 1441 593 1507 Dentera‘or
614 1438 717 1525 iente]
739 1463 770 1504 a.
793 1442 860 1504 282
918 1480 920 1487 ,

423 1548 555 1633 Cygnus
577 1548 678 1614 habet
700 1547 826 1613 stellam
847 1547 881 1612 in
903 1547 1006 1630 eapite
1029 1546 1231 1630 splendidam
1253 1569 1279 1624 1,
1306 1545 1341 1609 in
1362 1544 1446 1617 eollo

300 1677 327 1717 ro
338 1657 541 1741 splendidam
563 1658 642 1737 1‚·in
662 1657 775 1722 dextra
791 1656 847 1721 ala
863 1681 892 1734 v,
915 1677 1011 1721 unam
1025 1656 1171 1735 nitidam,
1195 1675 1278 1739 qnae
1300 1660 1349 1720 est
1370 1672 1450 1736 erga

339 1766 465 1844 oollum,
489 1767 522 1831 in
544 1767 674 1833 sinistra
696 1767 749 1831 ala
773 1790 801 1851 v,
824 1768 859 1830 in
880 1786 1015 1851 eorpore
1036 1789 1057 1845 1,
1079 1767 1114 1831 in
1128 1765 1261 1851 genitali
1275 1785 1334 1832 suo
1356 1782 1448 1843 mag·

338 1894 412 1937 nam
435 1897 455 1938 1.
481 1882 554 1939 sunt
576 1895 687 1942 omnes
703 1899 790 1939 ¹X1111.

423 1985 466 2047 Et
487 2009 558 2050 oum
579 1983 725 2070 terrores]
750 2010 781 2051 u.
804 1987 862 2049 291

425 2091 639 2176 Oapn‘oornus
661 2093 758 2159 habet
779 2094 813 2157 in
836 2098 970 2177 utroque
993 2113 1092 2158 ooruu
1115 2093 1227 2181 stellas
1249 2096 1287 2172 ri,
1310 2086 1343 2157 in
1364 2093 1450 2157 nari-

301 2222 326 2262 ιι
338 2202 398 2267 bus
426 2199 630 2284 splendidam
658 2225 683 2279 1,
711 2203 744 2265 in
771 2203 877 2285 eapite
905 2226 941 2281 11,
971 2203 1004 2266 in
1032 2203 1115 2268 oollo
1136 2201 1340 2288 splendidam
1361 2225 1387 2285 1,
1414 2201 1448 2265 in

339 2315 469 2395 peotore
491 2332 524 2394 ιι,
546 2311 580 2373 in
602 2311 761 2377 anteriore
783 2310 866 2395 pede
888 2335 908 2395 1,
931 2311 965 2374 in
987 2311 1169 2377 summitate
1189 2311 1291 2396 ipsius
1312 2310 1404 2395 pedis
1427 2334 1449 2389 1,

337 2418 371 2482 in
393 2418 489 2484 dorso
513 2440 567 2497 vu,
588 2419 624 2483 in
645 2409 756 2485 uentre
778 2443 809 2499 u,
831 2420 866 2484 in
887 2419 991 2486 oauda
1013 2444 1046 2484 11.
1069 2427 1144 2486 suut
1165 2440 1277 2487 ornnes
1299 2442 1387 2485 xxvr.

423 2529 578 2616 Infantem
600 2528 729 2615 noctem]
753 2554 785 2595 a.
808 2532 876 2595 309

399 2637 616 2720 ·Sagittarius
643 2637 742 2703 habet
768 2638 881 2704 stellas
907 2639 941 2703 in
969 2639 1073 2724 eapite
1103 2661 1142 2717 11,
1171 2639 1205 2703 in
1228 2639 1327 2705 eostis
1348 2662 1387 2717 11,
1416 2639 1449 2704 in

301 2770 329 2810 ro
342 2749 454 2814 dextro
478 2746 584 2813 oubito
607 2771 628 2825 1,
650 2747 684 2810 in
706 2747 840 2832 soapula
860 2746 992 2812 nitidam
1015 2771 1036 2832 1,
1059 2747 1092 2813 in
1115 2749 1211 2813 dorso
1232 2771 1266 2825 ιι,
1289 2748 1322 2812 in
1344 2749 1450 2815 oauda

339 2880 382 2941 ιι,
406 2857 440 2920 in
462 2857 614 2922 auteriori
635 2876 721 2941 genu
743 2878 770 2935 1,
798 2856 832 2920 in
854 2860 989 2939 utroque
1011 2858 1094 2941 pede
1115 2881 1141 2937 1,
1163 2857 1197 2922 in
1214 2878 1296 2924 arou
1317 2882 1341 2923 11
1364 2859 1450 2924 etin

339 2963 447 3033 iaculo
473 2989 537 3045 ιιιι,
565 2987 633 3032 una
660 2987 737 3032 uero
760 2965 955 3050 insumo,
986 2967 1052 3033 alia
1076 2968 1110 3032 in
1132 2966 1237 3032 medio
1260 2968 1398 3035 obseura
1420 2978 1451 3036 et

340 3076 424 3141 duae
446 3075 480 3140 in
501 3077 616 3160 pennis
638 3076 745 3156 iaouli,
766 3095 807 3142 ex
831 3076 947 3159 quibus
961 3096 1027 3140 una
1041 3081 1090 3143 est
1104 3076 1229 3143 olarior.
1252 3085 1326 3144 sunt
1340 3099 1453 3145 omnes

340 3207 444 3249 xvrur.

211 3376 217 3385 υ
302 3318 327 3356 ιι
425 3296 466 3360 In
488 3296 642 3363 thalamos
663 3298 809 3382 Neptune
830 3294 909 3381 tuos]
934 3320 964 3360 a.
987 3298 1050 3361 323

424 3403 573 3469 Delliuus
601 3425 665 3469 non
692 3405 825 3469 multum
852 3403 1047 3489 supercurrit
1068 3403 1266 3487 oaprioomo.
1300 3405 1397 3471 habet
1417 3408 1453 3471 in

341 3531 396 3577 ore
420 3512 546 3578 stellam
567 3537 593 3597 1,
617 3513 650 3577 iu
671 3514 792 3580 uertioe
814 3536 847 3599 11,
870 3514 905 3578 in
927 3514 982 3578 ala
998 3524 1096 3579 senus
1119 3518 1263 3579 uentrem
1285 3537 1331 3595 111,
1354 3535 1454 3599 supra

341 3621 472 3687 dorsum
494 3644 515 3705 1,
538 3623 573 3686 in
596 3622 701 3691 cauda
723 3646 756 3688 11.
780 3629 854 3688 sunt
876 3645 988 3692 omnes
1011 3648 1091 3689 vnn.
1162 3682 1175 3703 ,
1319 3615 1324 3641 ‘

427 3732 481 3799 Sic
501 3734 623 3819 nuptiae
644 3733 739 3822 ensis]
763 3760 794 3801 a.
817 3738 878 3800 332

303 3865 329 3904 ao
428 3833 526 3906 Orion
541 3841 665 3909 oblicus
680 3845 812 3926 quidem
826 3851 918 3910 tauro
933 3843 1030 3908 habet
1044 3844 1077 3907 in
1091 3841 1197 3925 eapite
1213 3841 1323 3908 stellas
1345 3843 1455 3926 splen-

377 3971 575 4041 lperseoutas
593 3984 618 4032 Β
648 3979 662 4049 Η
690 3981 815 4036 nonnulli
833 3966 851 4038 1⁰1
869 3998 932 4052 pen.
952 3988 975 4035 e.
995 3984 1139 4035 autumant
1156 3984 1181 4032 Β
1200 3978 1214 4049 Η
1241 3977 1366 4033 nonnulli
1383 3994 1454 4031 nero

340 4054 486 4127 Meropen
500 4078 563 4118 esse
587 4069 734 4122 antumant
752 4073 849 4135 scripsi
872 4079 899 4121 et
922 4077 1018 4135 posteo
1041 4067 1183 4121 nominata
1206 4070 1299 4119 addidi
1318 4083 1353 4118 ea
1370 4067 1455 4117 achel,

341 4147 597 4219 Si'032012·1⁶⁰‚1
619 4151 631 4222 Η
651 4156 669 4210 5
687 4155 756 4208 Lira
774 4160 798 4208 B
819 4154 833 4225 ΙΙ
852 4156 966 4225 pectino
985 4159 1010 4206 Β
1031 4152 1045 4225 ΙΙ
1065 4156 1082 4209 6
1100 4152 1213 4206 modolo
1234 4156 1256 4203 Β
1277 4151 1290 4222 Η
1309 4154 1327 4207 9
1346 4151 1454 4219 [lignus

342 4235 366 4282 B
387 4230 400 4300 ΙΙ
420 4235 453 4288 11
472 4236 637 4303 genitales
660 4238 672 4311 ll
693 4243 728 4297 14
746 4242 942 4314 Capricornus.
962 4246 985 4294 Β
1007 4240 1020 4310 ΙΙ
1041 4242 1124 4308 tides.
1137 4241 1379 4307 solotstrozzp.
1392 4243 1455 4306 168,

343 4325 377 4369 ¹0
395 4314 410 4387 Η
429 4323 564 4382 Dolfinns.
582 4331 607 4379 Β
628 4325 641 4399 ΙΙ
662 4330 741 4402 oopri
759 4345 845 4388 corno
863 4332 887 4384 Β
908 4328 922 4400 ΙΙ
940 4330 976 4388 30
993 4329 1124 4385 tauram
1146 4324 1160 4397 ΙΙ
