3202 5200
783 485 931 551 -214
977 521 1014 533 -

308 670 442 748 sposse
464 678 536 729 eam
557 662 739 742 permutare
760 655 934 739 algentium
956 654 1100 718 locorum
1123 668 1150 717 ec
1165 654 1379 719 aestuantium
1401 677 1459 720 na-

347 779 436 837 turas
458 776 490 834 et
512 788 533 832 a
556 766 654 831 nobis
672 766 829 831 rationem
851 765 1101 829 demonstratam
1124 782 1195 828 esse
1218 764 1298 828 satis
1321 769 1382 848 est,
1405 785 1459 830 re·

347 878 437 962 liqna
458 874 685 949 obseruatione
707 875 861 955 cuiusque
883 874 1084 938 constabunt.
1117 873 1303 939 alterutrum
1327 875 1458 956 quidem

347 988 418 1054 fore
439 988 474 1051 in
497 1004 607 1062 causa,
631 982 694 1049 boc
716 989 764 1048 est
784 982 994 1067 plenilunium
1010 987 1066 1046 aut
1079 982 1295 1065 interlunium,
1318 984 1461 1048 nouerit

279 1172 284 1185 ,
322 1096 493 1162 cdubium
514 1099 546 1160 et
568 1094 600 1159 in
624 1095 685 1159 boc
706 1092 883 1157 mirabilem
908 1090 1062 1156 admirari
1079 1089 1308 1173 benignitatem
1323 1098 1460 1158 naturae

349 1205 513 1290 succurrit,
535 1204 599 1268 iam
614 1202 752 1286 primum
767 1200 851 1266 hane
865 1200 1013 1265 iniuriam
1030 1200 1177 1266 omnibus
1199 1201 1292 1266 annis
1315 1202 1461 1268 accidere

350 1334 415 1379 non
439 1332 540 1397 posse
567 1318 697 1396 propter
725 1316 825 1375 statos
853 1309 994 1375 siderum
1025 1329 1136 1375 cursus
1163 1330 1224 1376 neo
1256 1312 1318 1375 nisi
1345 1313 1460 1395 paucis

349 1422 496 1487 noctibus
518 1421 596 1487 anni
621 1420 720 1503 idque
743 1419 874 1501 quando
897 1419 937 1483 sit
958 1417 1098 1484 futurum
1125 1418 1222 1486 facile
1244 1421 1333 1486 nosci
1357 1441 1396 1485 ac
1419 1443 1459 1487 ne

350 1548 408 1614 per
435 1550 547 1596 omnes
574 1548 701 1594 menses
728 1530 906 1612 timeretur,
941 1546 1050 1593 earum
1076 1528 1149 1611 lege
1176 1529 1313 1595 diuisum
1339 1537 1462 1597 aestate

315 1662 340 1703 ro
352 1639 525 1706 interlunia
547 1646 770 1724 praeterquam
794 1638 892 1703 biduo
915 1657 1028 1703 secura
1049 1656 1130 1722 esse,
1152 1636 1259 1705 bieme
1272 1639 1460 1722 plenilunia,

350 1772 411 1820 nee
431 1752 493 1818 nisi
516 1749 648 1816 aestiuis
670 1748 932 1828 breuissimisque
954 1746 1102 1813 noebbus
1124 1748 1236 1826 metui,
1259 1747 1372 1814 diebus
1395 1771 1460 1815 non

351 1864 437 1927 idem
460 1861 579 1926 ualere.
602 1864 770 1942 praetcrea
792 1862 858 1920 tam
881 1853 976 1919 facile
998 1855 1143 1940 intelligi,
1166 1862 1201 1921 ut
1221 1856 1357 1923 formica
1370 1857 1461 1922 mini-

351 1992 440 2039 mum
461 1967 582 2035 animal
604 1966 773 2032 interlunio
797 1964 958 2046 quiescat,
988 1964 1164 2048 plenilunio
1194 1972 1342 2050 operetur
1363 1968 1460 2034 etiarn

352 2080 513 2156 nostibus,
536 2095 630 2142 auem
652 2094 779 2158 parram
802 2075 923 2139 oriente
945 2073 1029 2138 Sirio
1050 2075 1121 2156 ipso
1144 2074 1197 2139 die
1218 2094 1283 2139 non
1304 2096 1462 2161 apparere

316 2210 341 2246 1⁵
353 2196 385 2255 et
410 2189 515 2254 donee
542 2184 685 2261 occidat,
719 2203 737 2249 e
767 2183 897 2248 diuerso
928 2183 1122 2248 chlorionem
1150 2184 1278 2267 prodire
1303 2187 1373 2270 ipso
1407 2188 1463 2253 die

355 2298 488 2364 solstitii.
511 2299 658 2361 neutrum
675 2314 751 2359 uero
766 2295 864 2357 lunae
879 2297 996 2356 statum
1018 2292 1148 2356 noxium
1171 2311 1243 2357 esse
1258 2313 1299 2360 ne
1313 2297 1462 2361 noctibus

354 2407 483 2491 quidem
498 2405 558 2471 nisi
575 2404 696 2470 serenis
712 2408 743 2468 et
765 2403 852 2468 omni
866 2421 944 2467 aura
966 2401 1160 2483 quiescente,
1184 2404 1334 2485 quoniam
1356 2426 1463 2490 neque

230 2618 233 2625 ·
315 2605 337 2655 s
390 2594 602 2665 lpermutarib
623 2591 636 2662 Η
656 2591 806 2660 legentium
819 2591 942 2644 locorum
956 2589 1124 2642 estuantium
1137 2594 1186 2643 SV
1204 2590 1217 2661 Η
1239 2591 1354 2648 arbitrio
1367 2594 1462 2664 legen-

354 2684 422 2737 tium
434 2680 558 2735 locorum
571 2677 777 2732 aestimantium
797 2680 811 2727 b
832 2677 846 2746 Η
866 2676 1017 2745 algentium
1029 2675 1153 2730 locorum
1166 2682 1196 2731 et
1207 2681 1395 2736 aestuantium
1407 2688 1462 2736 Pli-

354 2772 414 2821 oius
439 2770 453 2837 Η
477 2769 494 2822 2
514 2766 742 2820 demostratatam
761 2766 833 2815 ees
862 2760 876 2832 Η
906 2778 971 2816 esse
990 2762 1207 2818 demonstratam
1232 2768 1268 2819 Vt
1298 2764 1312 2836 Η
1338 2770 1463 2825 3altera

354 2858 476 2908 utrums
498 2855 511 2923 Η
530 2852 632 2907 Altera
650 2856 768 2919 utrumq.
787 2856 809 2903 V
828 2846 840 2919 Η
860 2850 1033 2903 Alterutrum
1049 2851 1063 2900 b
1083 2851 1098 2919 Η
1116 2852 1135 2905 4
1152 2852 1205 2906 hoc
1224 2857 1269 2907 est
1286 2855 1394 2925 reliqua
1412 2859 1462 2911 ob·

355 2940 513 2996 screatione
532 2938 712 3009 plenilunium
724 2943 773 2991 SV
793 2935 805 3006 Η
825 2937 883 2991 bin
901 2937 955 2990 hoc
973 2937 1127 2995 mmabilem
1145 2938 1347 3008 benignitatem
1365 2948 1464 2999 nature

353 3034 375 3082 S
395 3027 408 3098 Η
433 3028 487 3081 hoc
505 3025 625 3080 mirabili
643 3030 740 3079 nature
759 3024 934 3092 benignitate
959 3028 981 3075 V
1002 3021 1018 3094 Η
1042 3024 1070 3076 in
1089 3025 1142 3079 hoc
1161 3026 1314 3081 mirabilem
1334 3029 1465 3085 admirari

355 3116 556 3184 benignitatem
573 3113 699 3166 Naturae
718 3113 733 3162 b
753 3112 767 3182 Η
793 3112 822 3165 in
841 3114 894 3166 hoc
912 3111 1005 3164 mirari
1024 3110 1213 3166 admirabilem
1232 3114 1258 3165 b.
1277 3131 1302 3167 n.
1322 3121 1380 3172 loir.
1393 3120 1463 3173 Plio.

359 3202 421 3258 Vol.
434 3207 478 3254 m
490 3216 601 3270 parm
622 3200 636 3268 Η
656 3201 673 3253 6
692 3199 884 3253 succurritiam
904 3200 918 3249 t
939 3197 953 3267 Η
973 3198 1102 3253 accidere
1121 3220 1190 3254 corr.
1204 3220 1239 3254 on
1258 3202 1388 3256 occidere
1407 3210 1427 3254 S
1449 3204 1464 3276 Η

357 3310 372 3362 ‘l
392 3310 514 3361 statutos
539 3310 561 3358 V
579 3303 592 3373 Η
613 3302 741 3373 syderum
759 3307 780 3355 S
800 3304 815 3371 Η
835 3296 890 3359 irs
914 3301 928 3372 Η
953 3306 971 3358 8
988 3303 1024 3357 ad
1044 3304 1119 3374 quod
1137 3304 1247 3374 quando
1272 3311 1293 3358 V
1312 3306 1463 3376 litaturum

356 3410 395 3464 sit
407 3409 489 3463 facile
503 3408 583 3463 nosci
596 3411 698 3459 Plinius
718 3406 731 3475 Η
751 3406 916 3465 noscitur
935 3407 948 3477 Η
967 3398 1023 3462 ris
1043 3407 1056 3477 Η
1077 3410 1094 3462 9
1112 3411 1255 3462 teneretur
1271 3414 1295 3462 V
1311 3408 1325 3480 Η
1345 3412 1383 3466 10-
1397 3412 1463 3481 hye-

356 3513 399 3553 me
422 3500 443 3548 S
463 3494 477 3563 Η
502 3497 534 3549 11
553 3494 727 3548 breuissimis
751 3499 772 3546 V
791 3493 804 3563 Η
830 3494 864 3548 12
882 3495 949 3547 item
967 3496 1095 3547 bPlt'oiaa
1114 3503 1143 3546 ol
1162 3500 1196 3562 of.
1216 3499 1287 3549 Feta.
1306 3500 1338 3550 de
1357 3501 1464 3552 Plinia-

354 3601 412 3638 oor.
432 3585 508 3635 codd.
526 3584 595 3647 fiilis
613 3600 639 3648 p.
651 3590 700 3634 rus
725 3581 738 3652 Η
763 3582 890 3650 intellegi
908 3585 1011 3634 Plinius
1032 3578 1045 3650 Η
1070 3581 1103 3636 13
1122 3585 1253 3651 operetur
1271 3584 1354 3637 etiam
1373 3589 1464 3641 noeti-

355 3669 408 3723 bus
432 3671 564 3738 operetur
586 3684 665 3722 auem
689 3672 710 3720 S
739 3667 752 3739 Η
782 3673 912 3739 operetur
935 3672 965 3721 et
988 3668 1071 3721 etiam
1090 3668 1220 3723 noctibus
1239 3686 1319 3724 auem
1343 3676 1364 3723 V
1391 3673 1406 3743 Η
1435 3681 1466 3729 et

357 3756 441 3809 etiam
460 3755 590 3808 noctibus
610 3760 741 3826 operetur
764 3758 778 3806 l
807 3755 822 3825 Η
852 3756 936 3809 etiam
955 3754 1084 3809 noctibus
1104 3759 1235 3824 operetur
1253 3761 1356 3812 Plinius
1379 3771 1408 3814 ol
1428 3768 1465 3830 ιτ.

358 3845 428 3893 Vols.
444 3845 461 3895 l.
476 3846 493 3895 l.
508 3840 522 3911 Η
543 3843 577 3897 14
589 3843 705 3898 orientis
719 3844 863 3913 porphirio
876 3848 896 3892 S
911 3841 924 3911 Η
940 3842 1055 3895 orientis
1068 3836 1274 3911 porphirionem
1293 3845 1340 3915 Vll
1355 3848 1465 3904 oriente

357 3927 458 3981 siriob
485 3928 500 3998 Η
524 3929 658 4001 adparere
678 3935 780 3983 Plinius
805 3929 819 3999 Η
844 3930 877 3983 15
897 3926 1028 3981 occidant
1051 3934 1072 3981 V
1090 3926 1104 3998 Η
1125 3928 1254 3984 edinerso
1274 3931 1389 3989 dodone
1408 3941 1430 3988 S
1450 3936 1465 4008 Η

357 4017 422 4070 hedi
436 4017 482 4071 uel
495 4018 576 4074 orior.
594 4023 617 4071 V
634 4017 647 4088 Η
669 4018 811 4071 edinerso
823 4014 969 4067 Virionem
988 4017 1003 4065 t
1023 4017 1038 4084 Η
1057 4033 1072 4068 e
1092 4016 1205 4071 diuerso
1225 4019 1395 4075 chlorionem
1407 4028 1466 4075 Pli-

276 4134 279 4139 ·
317 4111 320 4127 '
357 4112 417 4160 aba
436 4107 450 4178 Η
470 4124 534 4178 usq,
554 4107 590 4161 ad
609 4106 683 4159 diem
707 4109 727 4156 V
747 4102 761 4173 Η
780 4104 845 4172 ipso
865 4102 987 4161 Solstitii
1005 4102 1051 4156 die
1071 4105 1085 4154 b
1105 4103 1119 4173 Η
1140 4105 1174 4160 16
1193 4106 1313 4161 solstioii
1332 4112 1353 4159 S
1372 4108 1386 4178 Η
1407 4112 1465 4164 sol-

357 4198 418 4253 stiti
436 4201 540 4250 Plinius
560 4196 574 4264 Η
595 4195 627 4248 l‘l
647 4193 739 4247 omnia
756 4207 822 4245 aere
843 4192 1046 4260 quiescentes
1066 4190 1079 4260 :l
1105 4191 1211 4257 omnib;
1230 4209 1295 4247 nere
1316 4197 1466 4266 quiescen-

355 4284 432 4339 tibus
455 4289 477 4336 V
496 4283 510 4354 Η
530 4282 604 4336 omni
622 4296 690 4335 aura
708 4280 871 4351 quiescente
890 4279 905 4328 t
924 4277 939 4350 Η
