3254 5202
794 515 1028 580 ..164-

320 686 434 754 SSole
462 686 609 750 dicuntur
637 684 667 748 ei
693 682 815 747 lumina
841 684 995 748 restituta.
1028 703 1140 749 uersus
1167 683 1210 748 ad
1237 681 1467 767 Oenopionem.

358 797 427 878 qui,
458 815 528 860 cum
552 815 573 858 a
595 794 720 858 ciuibus
743 794 993 858 absconderetur
1016 793 1183 876 Oenopion
1205 794 1379 877 desperata
1400 789 1468 853 eius

356 905 540 983 inuentione
564 904 661 968 Oreta
684 911 733 968 est
755 903 928 987 profectus.
955 903 1000 967 ibi
1024 922 1095 967 cum
1116 903 1275 969 inmodico
1299 906 1469 965 uenaretur

358 1022 390 1080 et
411 1016 452 1080 ab
476 1015 584 1079 Diana
607 1014 835 1099 corriperetur,
859 1014 903 1078 ait
928 1032 962 1077 se
985 1013 1105 1078 nullam
1126 1013 1228 1078 feram
1249 1014 1282 1076 in
1305 1009 1397 1076 terris
1420 1027 1470 1073 re-

333 1124 515 1188 ⁵licturum
549 1124 660 1189 Tellus
682 1124 851 1205 indignata
877 1122 1078 1206 scorpionem
1106 1122 1216 1187 extulit
1237 1120 1366 1185 inmani.
1379 1139 1470 1200 mag-

359 1234 517 1318 nitudine,
548 1236 604 1316 qui
633 1254 756 1318 poenas
779 1232 1073 1317 magniloquentiae
1096 1234 1165 1297 eius
1188 1231 1339 1315 exigeret.
1382 1228 1470 1294 Iouis

359 1349 467 1408 autem
483 1343 636 1408 Orionem
659 1345 700 1409 ob
722 1344 873 1408 uirtutem
896 1342 992 1407 astris
1014 1342 1129 1407 intulit.
1152 1341 1237 1406 idem
1260 1345 1376 1421 rogatu
1390 1338 1470 1403 Dia·

358 1472 420 1517 nae
443 1453 646 1536 scorpionem
669 1455 760 1519 caelo
781 1453 865 1518 inter
887 1457 973 1516 astra
994 1451 1163 1517 duodecim
1187 1449 1366 1515 collocauit.
1390 1468 1469 1529 quo-

357 1583 427 1626 rum
450 1568 562 1628 contra
577 1562 832 1645 magnitudinem
849 1562 963 1626 stellae
979 1581 1106 1644 quoque
1122 1580 1233 1626 eorum
1253 1558 1469 1642 amplissimae

321 1685 346 1724 ¹⁰
359 1676 442 1736 sunt.
475 1672 717 1738 Aristomachus
740 1679 845 1736 autem
870 1670 947 1735 dicit
968 1672 1145 1736 thubrisa
1168 1668 1328 1754 quendam
1349 1667 1469 1733 Thebis

358 1787 433 1847 uoto
457 1783 587 1866 petisse,
611 1788 645 1846 ut
667 1783 767 1846 filium
791 1783 934 1847 haberet.
958 1779 1001 1844 ad
1024 1799 1117 1861 quem
1138 1780 1224 1844 Iouis
1248 1786 1281 1844 et
1295 1776 1468 1843 Mercurius

359 1895 390 1956 et
412 1891 581 1974 Neptunus
602 1893 636 1956 in
657 1892 797 1976 hospitio
822 1891 1028 1955 deuenerunt.
1063 1890 1118 1971 qui
1140 1890 1186 1954 eis
1208 1889 1347 1954 hostiam
1368 1886 1468 1950 inmo-

356 1999 444 2083 lauit,
468 2006 503 2064 ut
517 2000 601 2066 filius
623 2008 818 2066 nasceretur.
843 2000 932 2065 cuius
952 1997 1069 2085 [bouis]
1094 1998 1178 2082 pelle
1200 1999 1345 2063 detracta
1367 1995 1412 2060 dii
1433 1996 1469 2059 in

348 2130 430 2205 'eam
446 2111 571 2174 urinam
587 2111 693 2176 fecere
711 2111 867 2192 iussuque
882 2108 1032 2173 Mercurii
1054 2115 1139 2173 terra
1162 2108 1276 2172 obruta
1300 2113 1359 2187 cst,
1382 2107 1468 2171 unde

321 2236 344 2274 1⁵
356 2238 438 2302 puer
460 2238 557 2302 supra
583 2220 685 2285 dictus
708 2220 749 2285 sit
773 2225 880 2295 natus,
912 2238 1006 2299 quem
1029 2219 1150 2284 Oriona
1171 2218 1415 2300 appellauerunt
1437 2220 1470 2279 et

319 2458 471 2530 Ocontra
494 2486 567 2530 eum
582 2469 682 2531 Terra
704 2467 885 2552 scorpionis
906 2466 970 2529 ictu
991 2465 1137 2531 interisse
1160 2470 1191 2531 et
1213 2466 1254 2530 ob
1270 2464 1331 2530 hoc
1354 2463 1469 2528 anue

356 2576 440 2639 inter
457 2581 545 2640 astra
561 2576 761 2640 conlocatum
778 2597 858 2641 esse.
899 2576 1140 2642 Aristomachus
1164 2581 1270 2639 autem
1286 2574 1371 2651 dicit,
1395 2590 1469 2638 eum

356 2689 487 2769 propter
510 2684 657 2749 iniuriam
682 2684 847 2749 cuiusdam
872 2688 965 2770 pueri
988 2687 1021 2750 in
1037 2683 1203 2749 Thebaide
1224 2683 1297 2748 Ioui
1319 2686 1468 2766 Neptuno

357 2801 388 2859 et
410 2795 566 2859 Mercurio
590 2796 705 2861 bouem
727 2795 929 2879 immolasse,
963 2797 1053 2860 cuius
1076 2796 1169 2859 bouis
1192 2793 1313 2858 corium
1335 2792 1470 2858 induere
1581 2857 1583 2860 Α

319 2925 346 2964 ro
359 2909 391 2969 et
419 2905 541 2968 urinam
563 2911 675 2990 potare
703 2904 744 2969 sit
770 2905 876 2969 iussus
905 2904 1075 2970 etidcirco
1103 2903 1209 2968 factus
1232 2903 1272 2967 sit
1295 2903 1468 2986 superemi-

357 3033 436 3078 nens
460 3019 492 3078 et
517 3019 650 3099 propter
672 3013 797 3077 urinam
821 3013 919 3078 Orion
943 3014 1134 3078 nominatus.
1170 3012 1267 3077 habet
1297 3011 1406 3077 stellas
1433 3010 1468 3073 in

358 3123 462 3206 capite
484 3129 550 3189 tres
573 3123 689 3189 claras.

317 3368 338 3416 θ
393 3374 408 3427 1
429 3375 458 3424 et
475 3387 605 3425 reuersus
625 3376 671 3426 est
688 3377 709 3425 V
729 3371 741 3441 Η
761 3375 778 3428 3
797 3377 888 3427 cretas
907 3375 1082 3444 profectusS
1102 3372 1116 3443 Η
1137 3376 1240 3426 cretam
1259 3378 1304 3427 est
1321 3375 1467 3445 profectus

361 3462 383 3511 V
402 3457 415 3528 Η
435 3457 583 3511 immodice
609 3463 629 3510 V
648 3458 661 3528 Η
686 3461 705 3514 4
724 3476 740 3512 a
758 3461 856 3529 Dyana
879 3466 899 3512 V
924 3460 937 3532 Η
963 3463 980 3516 5
999 3461 1096 3514 intuli
1115 3461 1304 3529 magnitudine
1323 3465 1344 3513 S
1365 3460 1377 3530 Η
1397 3462 1466 3514 mire

356 3544 555 3614 magnitudinis
579 3550 601 3597 V
619 3543 632 3615 Η
653 3548 670 3600 6
688 3564 775 3617 penas
794 3552 844 3601 SV
862 3548 874 3619 Η
895 3549 972 3602 Iouis
992 3552 1083 3601 autem
1103 3552 1187 3599 onas
1208 3546 1221 3618 Η
1242 3549 1258 3601 7
1276 3551 1391 3616 rogatus
1410 3550 1430 3599 S
1452 3547 1466 3618 Η

356 3632 445 3701 dyene
470 3637 492 3684 V
511 3630 525 3702 Η
545 3634 563 3687 8
581 3632 655 3686 inter
674 3637 750 3687 astra
768 3633 917 3689 duodecim
937 3637 999 3689 celo
1024 3641 1046 3688 V
1065 3634 1077 3704 Η
1100 3638 1134 3691 10
1151 3635 1385 3689 Aristhomachus
1410 3641 1431 3688 V
1450 3636 1465 3704 Η

357 3720 494 3774 Oaubrisa
507 3720 556 3771 SV
574 3720 587 3788 Η
607 3720 733 3774 thehiss
752 3720 758 3791 Η
789 3723 821 3776 11
841 3723 999 3792 petissesS
1020 3721 1033 3792 Η
1055 3722 1091 3775 ad
1110 3728 1193 3776 oms
1214 3722 1227 3793 Η
1247 3724 1343 3776 Iouem
1362 3727 1392 3775 et
1409 3727 1429 3776 S
1449 3722 1465 3793 Η

356 3808 437 3861 12111
457 3825 505 3859 cm.
523 3811 545 3858 V
565 3805 578 3878 Η
600 3808 638 3874 Qu
658 3809 699 3861 eis
718 3812 739 3860 S
758 3808 772 3879 Η
792 3810 978 3863 imolauerunt
996 3814 1016 3861 S
1037 3809 1050 3879 Η
1077 3811 1203 3864 imoleuit
1225 3817 1247 3863 V
1266 3808 1280 3880 Η
1301 3813 1335 3866 14
1353 3828 1387 3863 ea
1409 3817 1431 3864 V
1451 3811 1465 3880 Η

355 3893 448 3947 fecere
468 3912 586 3949 cornea
605 3895 735 3948 faceres
759 3895 773 3966 Η
794 3900 941 3951 estuans
966 3895 978 3965 Η
1006 3898 1139 3951 lanatus
1158 3902 1203 3951 est
1225 3903 1247 3950 V
1266 3897 1278 3967 Η
1304 3898 1429 3952 OrionS
1451 3896 1465 3969 Η

356 3980 489 4035 Orionem
512 3985 535 4032 V
553 3979 566 4054 Η
587 3982 723 4036 Vrionem
743 3983 757 4032 d
776 3983 940 4034 Succedunt.
962 3982 976 4052 Η

318 4139 342 4186 G
391 4138 423 4190 17
441 4137 675 4191 Aristhomcchus
697 4137 720 4187 O
745 4135 758 4203 Η
784 4138 877 4188 autem
896 4156 944 4191 om.
962 4136 1039 4190 Gadi
1070 4136 1083 4207 Η
1113 4140 1147 4193 18
1165 4138 1300 4193 thebaide
1320 4140 1424 4193 GOVGV
1451 4141 1465 4212 Η

355 4224 389 4278 19
408 4223 501 4277 corius
522 4222 612 4277 GVGV
645 4222 657 4292 Η
690 4221 1029 4277 monumentorum
1062 4224 1076 4295 Η
1107 4226 1142 4278 22
1162 4226 1251 4279 claras
1270 4246 1318 4279 om.
1339 4226 1417 4281 (3⁰6⁶
1450 4227 1466 4299 Η

356 4308 481 4364 ORION
502 4311 525 4362 G
544 4313 684 4377 inrupissent
704 4311 806 4360 oddcut
825 4327 922 4361 omues.
