3202 5200
754 498 983 563 ..220-

274 668 299 734 S
398 665 486 730 Mare
513 665 541 730 si
566 665 772 748 tranquillum
795 666 828 729 in
851 671 944 748 portu
967 665 1135 731 cursitabit
1157 671 1187 729 et
1210 666 1424 730 murmurabit

303 775 394 857 ¹intra
416 794 461 853 se,
484 779 614 840 uentum
638 775 803 858 praedieit
828 775 855 840 si
878 776 959 840 idom
982 775 1015 839 in
1037 774 1151 857 hieme,
1174 775 1318 840 imbrem.
1342 776 1424 841 mari

311 885 485 966 tranquillo
501 885 609 950 littora
625 884 777 968 ripaeque
792 887 824 950 st
836 884 1006 967 sonabunt,
1030 903 1179 968 asperam
1201 890 1424 969 tempestatem

311 994 499 1079 significant.
1464 991 1467 995 ’

282 1115 294 1152 ⁵
397 1106 532 1170 Mutatio
555 1107 744 1191 tempestatis
766 1104 961 1190 expectando
984 1116 1029 1168 ost
1050 1105 1085 1168 iu
1108 1106 1268 1188 asperius,
1296 1123 1366 1168 eum
1390 1107 1426 1169 ia

310 1218 466 1278 nocturna
488 1213 695 1295 nauigatione
717 1232 803 1295 aqua
825 1211 869 1278 ad
883 1232 989 1278 remos
1006 1217 1037 1277 et
1051 1210 1095 1276 ad
1110 1212 1328 1293 gurberuaeula
1342 1213 1425 1278 sein-

311 1320 403 1386 tillat.
426 1328 534 1389 auster
555 1323 708 1400 imminet,
731 1343 802 1387 eum
824 1321 976 1404 luligines
992 1320 1220 1388 hirundinesue
1241 1323 1354 1386 uolant
1368 1327 1425 1386 aut

312 1449 383 1494 eum
406 1430 549 1516 delphini
570 1437 655 1497 totos
682 1450 717 1496 se
739 1431 874 1496 saltibus
897 1430 1070 1496 ostendunt
1092 1434 1149 1494 aut
1171 1430 1283 1495 caudis
1306 1450 1423 1512 aquam

312 1539 441 1619 feriunt,
469 1562 542 1606 nam
570 1560 697 1625 semper
723 1540 797 1604 inde
825 1546 939 1605 uentus
962 1539 1074 1623 oritus,
1104 1559 1167 1621 quo
1196 1540 1242 1604 illi
1269 1539 1424 1605 feruntur.

180 1660 190 1672 ·
275 1664 299 1701 10
312 1668 371 1713 nee
393 1651 506 1715 mirum
529 1656 586 1726 est,
609 1656 695 1715 muta
717 1649 869 1714 animalia
891 1648 1037 1714 diuinare
1060 1648 1120 1712 sub
1135 1647 1272 1733 gurgite,
1296 1667 1424 1731 semper

311 1757 396 1822 enim
424 1760 603 1843 insipientis
630 1779 729 1823 aurae
756 1765 843 1823 motu
865 1777 970 1839 aquae
992 1758 1194 1823 inclinantur.
1233 1777 1331 1839 quam
1354 1777 1423 1840 per-

310 1867 518 1932 mutationem
538 1868 641 1933 maris
669 1868 761 1952 primi
792 1868 950 1933 undarum
972 1867 1098 1933 ineolae
1126 1867 1274 1932 sentiunt.
1312 1867 1422 1949 itaque

310 1981 438 2058 propter
460 1976 612 2061 impetum
634 1984 777 2062 pugnant
798 1977 868 2043 siue
884 1983 979 2060 metu,
1000 1976 1238 2043 nedeferantur
1257 1975 1422 2058 inlitora,

310 2084 379 2149 siue
401 2092 525 2169 natura,
545 2106 584 2151 ne
601 2105 787 2152 auersorum
809 2087 950 2151 eeruiees
972 2085 1081 2152 undae
1101 2085 1322 2169 praecipitent
1345 2083 1424 2165 quid

275 2212 298 2250 1⁵
312 2195 412 2275 ergo?
436 2194 579 2278 delphini
593 2200 718 2261 tantum
734 2196 816 2261 hano
838 2195 989 2260 iniuriam
1012 2194 1144 2259 timent?
1168 2195 1263 2260 immo
1280 2200 1311 2260 et
1325 2192 1423 2258 ceteri

312 2303 424 2385 pisees.
448 2308 506 2368 sed
528 2304 560 2368 hi
583 2311 703 2369 tantum
727 2310 893 2389 apparent,
918 2305 993 2386 quia
1016 2303 1160 2387 exiliunt,
1184 2304 1281 2371 ceteri
1303 2304 1337 2368 in
1358 2303 1425 2368 ima

311 2411 446 2496 gurgitis
469 2412 677 2479 descendunt.

273 2609 294 2659 8
347 2609 435 2662 illst
454 2613 483 2663 et
502 2622 634 2680 aquarum
653 2609 834 2677 significatio:
861 2625 935 2663 mare
960 2610 985 2663 si
1008 2608 1185 2679 tranquillum
1208 2609 1236 2663 in
1258 2613 1341 2679 portu
1360 2626 1421 2664 eur-

312 2695 410 2749 sitabit
428 2697 641 2750 murmurabitue
661 2701 730 2750 Ptin.
750 2701 767 2750 l.
785 2701 802 2749 t.
821 2704 875 2748 3⁶9
899 2694 913 2765 ll
941 2712 1022 2750 eursu
1042 2696 1137 2750 stabat
1156 2701 1184 2749 et
1202 2696 1389 2750 murmurabat
1408 2696 1423 2764 11

311 2784 328 2837 2
347 2782 421 2836 idem
435 2794 460 2835 et
476 2783 499 2836 si
517 2788 610 2836 adultuli
623 2801 658 2835 ea·
671 2785 759 2836 Plinio
781 2782 794 2852 Η
815 2784 843 2836 in
861 2783 980 2836 hiemem
1000 2781 1014 2852 ΙΙ
1035 2799 1109 2836 mare
1127 2783 1304 2851 tranquillum
1324 2781 1339 2852 ΙΙ
1358 2785 1376 2838 3
1394 2787 1425 2836 et

311 2869 406 2923 littora
426 2870 438 2937 ΙΙ
459 2869 541 2925 litora
559 2871 693 2942 ripaeque
713 2871 737 2925 si
756 2870 927 2925 resonabunt
944 2869 1103 2939 tranquillo,
1123 2884 1251 2939 asperam
1268 2874 1423 2939 tempesta-

311 2960 367 3010 tem
387 2961 489 3010 Plinius
509 2957 522 3027 Η
543 2960 561 3014 5
579 2962 675 3011 tetrior.
697 2962 729 3009 ‹te
747 2967 847 3010 uoturo
866 2975 920 3009 ror.
936 2958 1279 3018 XXXV1111,6Beelrer.
1297 2960 1424 3010 Suetonii

311 3047 406 3111 retiqq.
420 3047 461 3098 ort.
474 3045 676 3109 Reifferscheid.
694 3064 721 3112 p.
732 3050 784 3096 2³3
811 3042 824 3116 tl
849 3044 969 3097 Mutatio
987 3042 1167 3112 tempestatis
1185 3040 1361 3113 expectanda
1378 3048 1426 3097 est

310 3129 338 3184 in
358 3130 485 3200 asperius
511 3141 536 3183 et
561 3131 589 3184 in
609 3135 701 3185 additi
721 3151 757 3184 sa
774 3135 881 3185 Isidoro
906 3130 920 3199 ll
947 3130 964 3184 6
982 3128 1100 3182 sintillat
1122 3126 1137 3199 Η
1164 3130 1179 3183 7
1199 3128 1382 3183 arundinesue
1406 3128 1423 3199 ΙΙ

311 3217 343 3271 11
357 3216 494 3286 incipiunt
512 3221 592 3271 aurat
609 3222 712 3272 motum
732 3235 803 3288 aque
824 3216 838 3287 ss
860 3218 893 3274 13
905 3220 1007 3270 metum
1028 3215 1042 3287 Η
1062 3215 1226 3270 deserantur
1244 3216 1272 3269 in
1291 3216 1385 3269 littore
1406 3216 1422 3287 ΙΙ

310 3319 343 3355 ne
363 3301 521 3356 deterantur
538 3307 639 3356 Isidori
652 3307 726 3358 corut.
742 3308 916 3357 CDEFGHK
930 3324 973 3371 op.
988 3304 1098 3356 Becher.
1112 3301 1126 3370 ll
1147 3317 1181 3355 ue
1200 3301 1275 3356 unda
1294 3303 1420 3357 terantur

311 3390 422 3441 Ber-lor.
443 3392 456 3458 ΙΙ
477 3391 511 3443 14
529 3395 610 3444 nane
630 3391 809 3447 aduersorum
830 3390 843 3461 ll
863 3390 938 3444 unda
957 3389 971 3460 11
990 3389 1081 3443 undae
1093 3393 1190 3457 scripsi
1209 3387 1224 3459 ΙΙ
1244 3389 1319 3442 unda
1336 3407 1419 3460 prae-

311 3473 411 3544 cipitet
428 3480 525 3532 laetor.
551 3475 565 3548 ΙΙ
590 3479 624 3533 15
642 3480 773 3534 timentur
793 3478 806 3550 11
828 3481 861 3534 16
880 3478 968 3533 ceteri
987 3477 1015 3530 in
1029 3507 1062 3517 -
1077 3474 1253 3529 descendunt
1271 3496 1319 3529 om.
1333 3481 1425 3529 Isido-

312 3578 357 3612 rus
376 3559 390 3631 Η
410 3563 483 3618 himo
509 3563 522 3635 ΙΙ
548 3566 603 3619 ima
621 3570 717 3634 arripui
742 3567 755 3637 Η
781 3566 869 3621 Liber
888 3564 997 3620 Oolucii
1015 3563 1093 3634 pyeri
1114 3568 1194 3629 (corr.
1212 3573 1242 3614 ut
1260 3567 1368 3616 uidetur
1386 3584 1425 3618 em

313 3649 398 3718 preti)
419 3649 454 3704 ds
474 3652 611 3720 Stignauo
632 3653 808 3724 Ganeellalrii
826 3653 982 3708 Florentini
1001 3652 1158 3716 asbscu'pstt
1178 3650 1211 3700 8¹
1231 3652 1246 3723 Η
