3202 5200
596 525 831 592 —187-

159 698 251 764 lactis
279 698 417 775 colorem
444 697 562 761 habeat
587 701 619 761 et
646 696 729 761 albis
755 695 904 761 nubibus¹
921 697 1101 781 denotetur,
1133 704 1180 761 est
1210 699 1306 781 perS

160 806 301 872 medium
323 807 403 874 caeli
420 807 570 872 uerticem
590 828 609 871 a
625 806 842 889 septentrione
865 825 1060 890 consurgens
1075 808 1109 870 in
1125 811 1267 871 austrum

161 917 314 982 deuexus.
349 921 492 980 ueterum
520 917 610 981 uaria
638 922 687 980 est
714 915 854 998 oppinio.
890 915 1019 997 quidam
1043 916 1126 979 enim
1149 915 1266 1000 dicunt,

161 1025 247 1107 quod
268 1025 355 1090 Iouis
378 1031 486 1089 natum
508 1026 679 1091 Herculem
701 1024 816 1089 lunoni
839 1023 1009 1089 dormienti
1031 1023 1211 1107 supposuit,
1234 1032 1268 1088 ut

160 1140 288 1218 sugeret
308 1134 357 1198 lac
380 1120 522 1199 diuinum
545 1141 576 1200 et
596 1135 764 1219 proficeret
786 1134 818 1198 ei
838 1132 872 1196 in
895 1134 1053 1198 uirtutem.
1087 1136 1172 1217 quod
1195 1156 1265 1199 cum
1294 1157 1306 1194 s

160 1247 237 1308 Iuno
254 1243 414 1324 euigilans
429 1243 700 1327 deprehendisset,
717 1263 781 1306 non
796 1262 868 1308 esse
884 1264 985 1327 suum,
1002 1243 1158 1308 subtraxit
1172 1265 1268 1308 marn-

162 1374 247 1418 marn
270 1358 302 1417 et
323 1353 374 1415 lac
398 1371 578 1435 respersum
601 1359 649 1419 est
670 1373 731 1437 per
754 1352 887 1416 caelum.
911 1352 1040 1434 quidam
1055 1333 1267 1437 uero'dicunt,

163 1483 221 1547 per
244 1464 413 1527 Saturnum
436 1464 555 1528 sactum
577 1483 647 1526 cum
670 1462 749 1544 Opis
771 1461 909 1544 lapidem
933 1482 990 1545 pro
1013 1463 1092 1527 Ioue
1115 1463 1219 1533 attulit
1241 1464 1270 1528 ei

164 1570 286 1650 dicens,
310 1572 371 1636 hoc
394 1593 465 1638 esse
481 1572 568 1654 quod
581 1571 769 1655 peperisset.
794 1571 869 1653 quia
891 1555 931 1634 ob
947 1575 1096 1636 naturam
1113 1571 1269 1638 Saturnus

163 1701 228 1744 non
250 1681 402 1767 crederet,
425 1703 497 1748 eam
519 1681 693 1765 peperisse,
717 1679 900 1755 mammillis
915 1680 1007 1746 elatis
1026 1681 1224 1765 expressisse
1239 1688 1270 1746 et
1283 1706 1308 1744 ιο

164 1791 341 1856 ostendisse
355 1792 406 1856 lac
425 1792 549 1856 iratam.
574 1791 709 1855 effusum
731 1795 782 1853 est
797 1796 828 1853 et
843 1789 952 1853 circuli
968 1791 1032 1854 albi
1048 1792 1171 1874 species
1186 1770 1275 1856 facta>

164 1904 220 1962 est.
256 1898 385 1980 quidam
415 1906 520 1964 autem
547 1899 654 1963 uerius
683 1898 803 1975 dicunt,
836 1899 922 1979 quod
943 1899 988 1963 ibi
1009 1899 1183 1982 iunguntur
1205 1902 1269 1966 duro
1338 1880 1350 1899 ⁵

164 2007 247 2071 caeli
269 2008 520 2093 hemisphaeria,
543 2008 687 2073 nonnulli
710 2028 786 2072 uero
810 2007 920 2073 stellas
943 2007 1051 2073 dieunt
1073 2029 1145 2076 csse
1168 2011 1270 2075 minu-

164 2115 318 2195 tissimas,
347 2137 430 2199 quae
452 2139 510 2201 pro
533 2117 583 2184 sui
604 2118 761 2200 paruitate
788 2138 853 2181 non
879 2124 1012 2200 possunt
1034 2119 1182 2189 discerni.
1213 2122 1270 2185 alii

163 2230 294 2290 econtra
315 2226 433 2305 dicunt,
456 2227 575 2292 idcirco
598 2226 816 2292 candidiorem
840 2227 917 2311 fieri,
941 2246 978 2293 eo
1002 2228 1089 2309 quod
1107 2230 1184 2294 solis
1200 2251 1308 2295 cur-15

162 2354 232 2399 sum
253 2355 310 2418 per
332 2356 405 2401 eum
426 2337 495 2402 fieri
517 2337 719 2401 arbitrentur.
743 2355 826 2417 quae
849 2336 1010 2419 oppinatio
1036 2336 1085 2423 [in
1107 2338 1164 2423 eo]
1188 2338 1270 2403 falsa

164 2464 236 2509 csse
258 2444 471 2524 conuincitur,
502 2445 654 2526 quoniam
681 2465 745 2507 non
771 2444 805 2507 in
835 2463 873 2507 eo
902 2444 979 2508 solis
1008 2463 1119 2508 cursus
1142 2460 1185 2509 esc
1209 2446 1272 2509 nisi

162 2553 197 2616 in
219 2572 259 2618 ea
281 2559 378 2636 parte,
403 2574 468 2633 qua
491 2573 512 2617 a
534 2552 689 2634 signifero
712 2551 911 2634 contingitur.
948 2552 1002 2633 qui
1024 2551 1174 2618 uidelicet
1195 2553 1270 2616 dum

146 2645 227 2726 *sint
247 2661 372 2744 utrique
395 2662 523 2743 oblique
547 2667 577 2725 et
592 2659 772 2725 alternatim
794 2659 930 2724 inuicem
954 2660 1015 2724 sibi
1036 2680 1137 2743 paene
1154 2680 1194 2725 ex
1217 2661 1271 2724 ad-

143 2790 257 2835 ,uerso
279 2769 484 2851 conueniant,
512 2770 547 2834 in
568 2770 692 2835 aestiuo
715 2769 833 2834 circulo
855 2769 888 2833 in
910 2768 1059 2852 geminis,
1086 2769 1119 2834 in
1141 2769 1271 2836 hiemali
1284 2794 1310 2833 ao

162 2879 196 2942 in
218 2878 384 2961 sagittario
406 2884 570 2944 tamense
593 2878 789 2959 contingant.
1040 2878 1042 2881 ’

251 2989 394 3070 Aurigae
417 2987 634 3074 plantamque]

249 3097 407 3164 Zodiecus
422 3097 483 3175 uel¹
500 3078 631 3179 signiter
654 3103 703 3162 est
724 3096 860 3161 circulus
883 3095 1053 3162 duodecim
1075 3098 1175 3179 signis
1198 3119 1272 3163 con-

166 3216 263 3292 stans,
286 3208 383 3273 idest
402 3208 501 3273 ariete
522 3213 612 3271 tauro
635 3206 771 3291 geminis
794 3225 909 3271 cancro
931 3206 1025 3272 leone
1041 3207 1167 3289 uirgine
1190 3207 1273 3271 libra

162 3318 330 3402 scorpione
352 3317 518 3401 sagittario
543 3316 728 3400 capricorno
751 3314 884 3399 aquario
906 3315 1058 3398 piscibus.
1082 3317 1196 3381 libram
1219 3338 1271 3381 au·
1284 3347 1310 3384 aa

161 3433 225 3493 tem
249 3427 381 3492 Caldaei
404 3426 512 3491 dicunt
534 3447 598 3490 non
621 3446 692 3492 esse
714 3425 931 3509 principaliter
953 3426 1092 3510 signum,
1120 3425 1178 3490 sed
1200 3446 1272 3507 par-

163 3541 228 3601 tem
252 3555 323 3602 esse
346 3537 533 3620 scorpionis.
560 3535 710 3620 Aegyptii
732 3554 819 3613 uero,
843 3535 897 3616 qui
918 3534 980 3599 hac
1002 3534 1136 3600 scientia
1159 3534 1272 3598 ceteris

164 3645 313 3728 gentibus
336 3644 484 3719 eminent,
508 3663 579 3708 eam
594 3642 811 3726 principaliter
833 3663 891 3726 pro
915 3644 1007 3727 signo
1031 3642 1202 3725 accipiunt.
1224 3646 1272 3707 est

198 3790 399 3873 evaseras
420 3813 433 3884 ιι
454 3817 579 3866 asceam
596 3813 675 3865 uara
690 3815 787 3879 serape
807 3810 820 3882 ιι
840 3813 1035 3882 ssuggerecs
1049 3814 1062 3882 ιι
1077 3816 1093 3869 c
1107 3814 1162 3880 our
1174 3816 1209 3868 oo
1223 3820 1243 3868 s
1258 3815 1272 3885 ιι
1291 3817 1312 3865 ε

162 3905 194 3958 11
215 3902 259 3956 lac
278 3903 345 3956 mire
365 3905 386 3952 S
406 3898 419 3971 Η
440 3901 484 3954 lec
503 3900 601 3953 iratam
620 3902 717 3966 scripsi
737 3918 772 3950 eac
789 3900 1110 3977 cebol.Busil.p.104‚8
1130 3901 1143 3972 ll
1165 3903 1272 3972 speties

161 4027 182 4074 S
202 4021 215 4092 ιΙ
237 4025 270 4078 13
289 4022 441 4093 emispieS
462 4020 475 4092 ΙΙ
497 4024 531 4077 16
548 4021 577 4074 in
597 4037 631 4074 eo
644 4024 731 4096 delecti
751 4018 765 4090 ΙΙ
787 4023 819 4075 17
838 4025 884 4074 θεῖ
897 4025 990 4075 addidi
1006 4013 1041 4076 eac
1055 4022 1159 4094 GG⁶Gl
1179 4022 1193 4093 ιι
1214 4023 1272 4075 rfin

163 4146 188 4193 8·
204 4142 218 4210 ll
238 4145 271 4197 19
290 4144 362 4213 ut’q3
378 4147 402 4194 ·S
422 4140 435 4212 Ιι
455 4143 566 4213 utrique
589 4144 612 4196 G
633 4140 646 4212 ιι
666 4147 796 4212 poenes
816 4139 829 4212 ιΙ
855 4145 890 4200 20
908 4123 1026 4199 hiemalel
1047 4152 1067 4199 8
1087 4145 1101 4215 ll
1115 4147 1155 4200 ’21
1175 4143 1269 4212 scgip-

162 4228 234 4281 tario
255 4234 273 4278 S
293 4228 306 4300 Ιι
327 4231 361 4284 22
382 4233 665 4282 &ceraunos-5318
686 4227 699 4298 Η
720 4232 754 4284 23
773 4230 882 4284 curans
903 4234 926 4301 ϊ
947 4234 1032 4286 ariete
1050 4238 1070 4285 8
1091 4231 1104 4302 ll
1125 4232 1159 4286 25
1179 4222 1269 4299 capri-

162 4315 258 4370 cornio
278 4321 298 4368 8
318 4314 333 4385 ιι
352 4317 386 4371 26
405 4314 535 4369 caldeis
555 4314 569 4387 ιι
588 4318 622 4371 27
641 4315 749 4385 Egiptii
769 4321 790 4368 8
810 4318 823 4388 ιι
