3252 5204
774 486 988 552 ..38-

276 689 316 730 aas
331 685 396 749 qua
417 664 504 730 senis
526 661 677 745 aequorei
699 658 793 741 natis,
817 677 888 721 oum
909 656 1003 720 litore
1027 650 1159 717 Canchli

330 773 470 839 Doridos
492 777 524 837 et
545 771 695 854 Panopes
717 770 893 850 spectasset
915 763 1012 829 stulta
1035 762 1178 827 choreas.

332 883 389 947 illa
411 881 477 946 abit
500 899 630 958 oceano,
653 877 750 943 totius
773 879 858 938 serta
880 889 1017 937 coronae

331 991 365 1056 in
387 989 511 1056 caelum
533 984 678 1067 redeunt,
701 988 801 1048 totum
824 1001 859 1046 se
880 981 995 1045 liberat
1016 978 1147 1063 hydrus.

335 1099 479 1164 cruribus
501 1098 647 1178 expectat
669 1092 797 1170 Chiron,
821 1087 987 1155 obscurior
1003 1107 1096 1166 arcu,

281 1227 468 1292 orooorpore
489 1207 553 1271 iam
575 1209 641 1268 toto
664 1206 757 1266 uasto
780 1200 839 1265 sub
862 1197 982 1265 uertice
1005 1195 1120 1262 clarus.

335 1327 401 1384 tum
423 1316 502 1395 fera,
526 1335 621 1397 quam
644 1310 756 1375 dextra
777 1311 883 1392 portat
906 1306 1093 1384 Centaurus,
1116 1305 1149 1371 in
1172 1328 1266 1374 auras

337 1427 426 1493 exilit
447 1431 479 1491 et
500 1423 595 1491 elaris
618 1419 759 1504 aperitur
780 1415 917 1481 flexibus
939 1414 1069 1496 anguis3

336 1536 544 1616 innixamque
566 1551 652 1613 genu
673 1529 769 1593 laeua
790 1525 895 1589 minus
917 1540 1059 1605 aequora
1081 1522 1212 1589 lincunt.

423 1645 465 1709 At
487 1662 558 1706 cum
580 1639 683 1723 prima
704 1635 790 1703 subit
811 1631 909 1698 facies
931 1633 1114 1698 remeabilis
1135 1652 1260 1714 arcus,

287 1755 403 1819 oreiam
426 1751 511 1817 sicca
532 1767 652 1814 oceano
675 1742 793 1809 Chiron
816 1740 957 1825 pernicia
979 1760 1072 1805 crura

341 1861 463 1947 expulit
485 1866 516 1924 et
539 1855 633 1922 celsis
656 1850 837 1938 ophiuchos
858 1849 988 1931 fulget'
980 1870 1014 1913 rn
1035 1849 1140 1914 astris.

340 1971 385 2036 nil
406 1968 502 2035 trahit
524 1968 694 2032 obscurum
717 1981 851 2044 serpens
873 1964 905 2023 et
925 1964 1038 2039 trunca
1060 1965 1190 2042 recepta

341 2078 458 2145 desinit
479 2096 550 2143 esee
573 2093 670 2139 manu
691 2069 845 2134 membris
866 2068 1020 2134 deformis
1042 2067 1159 2153 imago.

199 2266 203 2271 ἧ
342 2186 406 2251 iam
429 2187 501 2272 lyra
522 2204 593 2251 cum
616 2166 741 2265 superis
763 2184 795 2243 et
817 2178 913 2262 cygni
936 2176 1067 2245 dextera
1087 2196 1204 2261 penna,

291 2316 332 2357 ero
345 2293 428 2359 radit
448 2294 594 2360 tellurem
616 2288 744 2355 rediens
767 2307 838 2352 curn
861 2285 966 2351 sidere
989 2285 1145 2370 Cepheus.

342 2409 409 2468 tum
432 2404 520 2469 canis
542 2398 710 2467 abscondit
732 2396 828 2461 totius
850 2396 993 2479 corporis
1014 2395 1098 2477 ignis

344 2518 377 2578 et
398 2512 475 2577 latet
498 2510 597 2576 Orion
619 2514 651 2574 et
672 2526 798 2591 semper
820 2510 906 2568 tutus
927 2504 961 2567 in
983 2503 1078 2570 undis

344 2627 392 2687 est
413 2621 505 2704 lepus
527 2620 719 2700 Argoaeque
741 2615 827 2698 ratis,
852 2633 916 2697 qua
937 2613 1044 2678 flexile
1067 2613 1192 2697 signum

341 2729 375 2793 in
397 2729 529 2813 puppim
550 2726 713 2805 formatur,
736 2724 841 2789 adhuc
862 2723 1017 2808 aplustria
1037 2723 1153 2788 lucent.

293 2836 497 2922 osmergitur
519 2843 551 2901 et
571 2838 708 2900 Perseus
730 2840 761 2898 et
784 2852 899 2917 caprae
922 2831 1029 2897 nobile
1051 2832 1167 2896 lumen.

312 3066 317 3074 ‘
344 3059 396 3116 665
414 3058 491 3114 sinus
510 3063 534 3112 Β
555 3053 569 3127 Η
590 3054 667 3110 senis
688 3059 800 3110 Gentium
820 3055 833 3126 Η
854 3055 986 3111 ceneriB
1005 3054 1019 3129 Η
1040 3054 1156 3112 Canchli
1177 3059 1289 3111 Grotius
1307 3059 1455 3124 respiciens

345 3149 416 3199 Plio.
433 3166 460 3199 a.
475 3148 501 3199 t.
519 3145 585 3200 765
604 3142 618 3213 Η
638 3143 690 3198 667
708 3143 814 3197 totiens
835 3159 889 3215 que
908 3146 984 3197 serta
1001 3158 1106 3199 corona
1122 3148 1148 3198 Β
1170 3142 1183 3215 Η
1204 3143 1292 3199 totius
1312 3147 1388 3199 serta
1406 3158 1453 3197 co-

344 3248 429 3288 ronae
444 3239 554 3287 erotica
574 3230 587 3302 Η
608 3232 660 3286 669
674 3234 826 3302 expectant
845 3235 868 3282 Β
888 3228 902 3302 Η
923 3234 1105 3301 exspectata
1126 3228 1139 3302 Η
1160 3231 1264 3301 chynon
1282 3235 1307 3283 Β
1327 3227 1341 3302 Η
1361 3244 1455 3284 arcum

347 3323 457 3373 arctius
482 3318 496 3389 Η
524 3318 649 3375 tibiam
667 3322 729 3373 toto
748 3321 844 3372 nastue
864 3321 894 3371 et
910 3317 1017 3371 uertice
1037 3321 1061 3369 Β
1090 3320 1103 3388 Η
1132 3318 1187 3373 iem
1205 3321 1300 3384 nasto,
1320 3318 1374 3371 iam
1392 3321 1456 3372 toto

345 3406 450 3461 uertice
471 3411 581 3461 erotica
600 3406 614 3476 Η
639 3406 695 3459 iam
712 3409 773 3459 toto
790 3409 874 3472 uasto
894 3404 945 3458 sub
964 3405 1070 3459 uertice
1089 3391 1278 3460 Sctworrztue
1302 3402 1316 3478 Η
1343 3404 1454 3460 673111-

345 3494 482 3565 nixusque
496 3498 521 3546 B
543 3494 556 3563 Η
575 3493 754 3562 6667666666
767 3492 955 3545 Sctworrztus
974 3490 989 3562 Η
1009 3492 1072 3545 lena
1085 3497 1109 3545 Β
1131 3490 1144 3563 Η
1165 3491 1293 3565 linquunt
1310 3493 1348 3546 Βι
1369 3489 1383 3563 Η
1403 3490 1455 3544 lin·

345 3585 411 3635 cunt
423 3580 461 3634 B’
481 3578 495 3652 Η
514 3579 615 3652 linquit
628 3585 740 3633 erectos
759 3575 773 3650 Η
794 3577 847 3633 674
865 3593 931 3632 arou
943 3584 968 3632 Β
990 3579 1003 3650 Η
1023 3596 1104 3633 arcus
1120 3583 1228 3632 Grotius
1248 3582 1262 3650 Η
1282 3580 1334 3635 675
1353 3579 1456 3650 chynon

344 3671 368 3719 Β
385 3664 398 3738 Η
413 3668 535 3737 pernitie
547 3671 571 3719 Β
592 3666 605 3737 Η
626 3666 678 3722 676
691 3666 798 3738 expulit
811 3665 896 3719 celsis
910 3668 947 3718 Β1
967 3666 982 3738 Η
1002 3672 1032 3736 et
1044 3671 1150 3720 addidit
1163 3667 1201 3720 B·
1215 3664 1229 3739 Η
1249 3667 1357 3738 expudt
1369 3666 1455 3721 celsis

343 3754 514 3808 6616166ιὶ6
528 3753 643 3825 expellit
655 3754 741 3807 celsis
755 3759 779 3806 Β
793 3752 807 3825 Η
827 3753 927 3807 extth
940 3757 1053 3807 coniecit
1070 3757 1188 3808 Oretttce
1201 3753 1215 3826 Η
1237 3754 1386 3826 Ophyueus
1400 3759 1424 3807 Β
1439 3753 1456 3825 Η

344 3842 395 3897 677
408 3841 478 3896 nihil
491 3844 529 3895 Β1
549 3839 562 3913 Η
583 3840 622 3894 nil
634 3841 673 3894 13²
693 3838 707 3914 Η
728 3840 780 3894 sed
792 3844 859 3909 BEp
880 3839 894 3911 Η
915 3845 944 3895 et
956 3845 1053 3909 scripsi
1073 3838 1087 3910 Η
1107 3843 1281 3898 6786166661
1293 3847 1318 3895 Β
1339 3840 1354 3915 Η
1373 3858 1456 3896 mann

344 3931 455 3982 Grotius
477 3927 489 4001 Η
510 3928 609 3982 mediis
628 3932 696 3996 unp
717 3926 731 4000 Η
752 3927 863 3981 rediens
882 3931 993 3981 Grotius
1013 3926 1027 3998 Η
1046 3927 1112 3982 Nisi
1131 3929 1317 3983 Schwartztcs
1337 3926 1351 4001 Η
1369 3944 1454 3985 mem·
1493 3960 1497 3968 ·

342 4014 400 4068 bris
421 4034 469 4083 epo
489 4014 503 4086 Η
525 4016 576 4070 679
595 4015 670 4083 cigni
688 4020 713 4067 Β
734 4013 748 4086 Η
770 4016 851 4085 cygni
869 4032 885 4081 p
915 4013 929 4085 Η
955 4013 1137 4073 subradens
1157 4017 1195 4068 B¹
1216 4013 1228 4086 Η
1249 4015 1361 4070 rediens
1380 4017 1419 4068 13²
1438 4013 1451 4088 Η

342 4101 485 4173 cephoeus
499 4108 524 4156 Β
544 4098 559 4170 Η
579 4101 630 4156 682
649 4104 726 4154 tutus
746 4121 781 4155 ec
799 4106 875 4157 totus
895 4121 963 4155 corr.
977 4101 1015 4154 Β1
1035 4101 1048 4175 Η
1070 4105 1153 4175 atque
1169 4102 1349 4175 imperfectus
1362 4102 1391 4155 in
1403 4119 1453 4156 un-

342 4185 386 4243 dis
408 4194 519 4345 ⁰thss
551 4185 564 4258 Η
597 4188 650 4245 684
667 4188 751 4244 athuc
769 4194 794 4242 Β
820 4188 834 4261 Η
858 4190 1032 4260 [1111661673ι
1051 4190 1173 4249 corr-B¹
1197 4190 1215 4262 Η
1241 4190 1453 4260 6856661631

342 4287 427 4344 capre
446 4278 470 4327 Β
512 4275 518 4346 Ι
706 4299 710 4307 ’
