3202 5200
742 492 978 561 -172-

268 669 294 735 s
392 663 470 729 Post
497 664 586 729 oanis
613 663 709 749 igitur
734 664 843 747 magni
871 664 1008 729 eandam
1040 663 1213 729 seeundum
1248 665 1414 731 stellarum

307 773 450 837 ordinem
472 773 567 838 nauis
587 772 759 837 eonstituta
782 777 839 850 est,
863 793 959 854 quam
984 772 1115 854 quidam
1137 774 1284 839 benifioio
1301 774 1415 838 Miner-

306 902 368 946 uae
391 883 474 948 inter
497 888 584 948 astra
608 883 798 948 oolloeatam
820 881 938 959 dieunt,
961 902 1108 965 quaeque
1130 881 1234 965 prima
1257 882 1350 948 nauis
1373 883 1415 947 ab

306 1009 347 1056 ea
368 991 526 1057 fabricata
549 991 664 1057 dieitur
687 997 719 1056 et
739 1010 838 1069 mare,
863 991 950 1073 quod
969 996 1065 1057 antea
1078 991 1201 1055 inuium
1223 992 1338 1074 fuerat,
1361 990 1415 1054 ho-

276 1099 445 1165 rminibus
469 1101 613 1184 peruium
636 1101 743 1166 uooali
764 1100 893 1184 ingenio
914 1098 1041 1165 feoisse.
1064 1119 1160 1182 quam
1183 1121 1247 1164 non
1261 1106 1359 1165 totam
1383 1100 1416 1164 in

305 1209 398 1275 oaelo
420 1209 583 1295 ligurauit,
614 1211 672 1276 sed
694 1230 715 1274 a
736 1209 963 1294 gubernaculis
985 1228 1087 1291 usque
1110 1208 1154 1273 ad
1177 1209 1306 1274 malum.
1339 1229 1416 1273 norr-

304 1319 384 1383 nulli
406 1319 525 1396 diount,
549 1319 636 1403 quod
651 1321 785 1383 Danaus
799 1318 872 1383 Beli
893 1318 978 1383 filius
1002 1338 1042 1383 ex
1065 1319 1209 1401 pluribus
1225 1318 1416 1401 coniugibus

307 1427 545 1511 quinquaginta
567 1428 653 1493 filias
675 1427 797 1507 habuit,
820 1427 922 1493 frater
944 1433 1049 1492 autem
1073 1427 1141 1492 eius
1156 1427 1323 1511 Aegyptus
1344 1426 1417 1491 toti·

307 1537 380 1603 dem
407 1538 500 1604 filios.
545 1540 697 1603 Danaum
723 1544 831 1602 autem
853 1544 885 1600 et
907 1535 991 1601 filias
1014 1536 1081 1601 eius
1103 1535 1282 1602 interfioere
1303 1536 1415 1621 uoluit,

267 1664 293 1702 10
305 1653 340 1711 ut
368 1667 502 1730 regnum
524 1653 691 1731 paternum
719 1647 808 1712 solus
832 1645 998 1710 obtineret.
1033 1664 1088 1709 eas
1110 1644 1184 1709 filiis
1208 1645 1275 1710 suis
1297 1665 1414 1710 uxores

305 1778 325 1821 a
347 1755 444 1821 fratre
467 1757 623 1841 poposoit.
666 1758 804 1820 Danaus
829 1775 907 1820 uero
935 1755 1063 1839 cognita
1090 1754 1215 1820 malitia
1236 1755 1417 1820 Mineruam

304 1866 451 1948 poposcit
483 1866 681 1932 adiutricem.
716 1872 791 1930 tune
818 1864 955 1948 primum
982 1863 1098 1929 dieitur
1127 1863 1274 1928 Minerua
1307 1864 1416 1930 nauim

304 1973 432 2051 fecisse,
456 1995 538 2057 quae
555 1977 658 2060 Argos
674 1976 841 2061 appellata
857 1973 907 2051 sit,
931 1993 1001 2038 oum
1025 1993 1089 2054 qua
1104 1973 1239 2038 Danaus
1254 1993 1294 2038 eu
1308 1973 1417 2038 Afrioa

305 2085 408 2167 Argos
430 2083 581 2168 profugit.
615 2087 781 2169 Aegyptus
803 2083 887 2149 filios
909 2103 984 2149 suos
1006 2082 1050 2148 ad
1072 2082 1331 2166 persequendum
1353 2083 1417 2148 fra·

269 2213 291 2250 u
304 2198 386 2256 trem
408 2192 507 2270 misit,
536 2192 604 2274 qui,
632 2199 801 2276 postquam
825 2196 929 2277 Argos
951 2197 1122 2276 uenerunt,
1153 2193 1334 2276 inpugnare
1361 2212 1415 2274 pa·

213 2324 219 2336 ·
304 2305 408 2364 truum
438 2307 620 2384 coeperunt.
664 2304 813 2386 Danaus,
841 2306 875 2366 ut
904 2299 985 2365 uidit
1012 2322 1048 2366 se
1083 2301 1129 2366 eis
1163 2299 1318 2367 obsistere
1351 2321 1416 2365 non

266 2483 295 2546 θ
389 2470 468 2536 Post
490 2472 579 2537 oanis
613 2473 709 2556 igitur
740 2474 847 2556 magni
881 2472 1015 2538 eaudam
1044 2473 1220 2538 seeundum
1251 2472 1416 2537 stellarum

304 2581 450 2646 ordinem
472 2583 566 2647 nauis
589 2583 761 2648 constituta
784 2589 847 2660 est,
871 2602 968 2664 quam
991 2581 1120 2647 fabulae
1141 2590 1310 2665 poetarum
1332 2582 1415 2648 inter

303 2695 391 2755 astra
413 2693 613 2757 oonlooatam
629 2693 738 2757 dieunt
753 2698 883 2777 propter
899 2691 1085 2770 Mineruam,
1109 2710 1194 2774 quae
1215 2691 1321 2776 prima
1342 2711 1415 2757 eam

265 2800 505 2881 aoexeogitasse
533 2800 649 2867 dieitur
670 2809 702 2867 et
723 2823 827 2880 mare,
859 2800 946 2883 quod
972 2808 1067 2865 antea
1092 2800 1215 2865 inuium
1238 2801 1341 2865 suerat
1361 2800 1416 2865 ho-

303 2908 451 2987 minibus,
475 2911 621 2995 peruium
644 2911 749 2977 uooali
772 2911 901 2996 ingenio
924 2907 1050 2976 senisse.
1073 2909 1169 2975 habet
1184 2916 1289 2975 autem
1305 2911 1416 2977 stollas

304 3019 336 3083 in
360 3040 468 3104 puppe
493 3028 640 3102 quatuor.

266 3226 287 3273 s
339 3214 549 3269 Vbenefitios
575 3216 587 3286 Η
613 3217 630 3271 3
649 3210 672 3282 {p
685 3216 775 3287 prima
793 3221 814 3270 S
835 3215 847 3288 Η
869 3233 955 3286 qneq;
980 3222 1002 3270 V
1021 3215 1033 3287 Η
1054 3218 1135 3271 nauis
1153 3237 1202 3271 om.
1222 3223 1244 3271 V
1261 3215 1275 3288 Η
1295 3217 1415 3271 liebri-

305 3305 370 3355 eata
390 3305 435 3354 est
457 3306 478 3353 V
498 3298 511 3370 Η
531 3302 548 3356 5
567 3303 661 3356 nauali
679 3308 728 3355 SV
748 3300 761 3372 Η
781 3303 874 3356 uocali
891 3310 989 3372 scripsi
1010 3324 1045 3358 eu
1066 3310 1126 3358 Cat.
1142 3309 1249 3357 XXXV
1266 3302 1415 3375 φωνήεσσα

304 3389 335 3439 δὲ
354 3391 491 3458 γενομένη
511 3385 604 3458 πρώτη
624 3388 653 3441 τὸ
674 3393 795 3459 πέλαγος
814 3391 914 3445 διεῖλεν
933 3386 1037 3459 ἄβατον
1055 3384 1088 3444 t‘v
1114 3388 1128 3462 ΙΙ
1153 3390 1222 3444 fecit
1246 3396 1265 3444 V
1286 3390 1300 3462 ΙΙ
1320 3399 1355 3446 no
1373 3397 1415 3446 ta-

303 3479 360 3528 tam
377 3479 399 3527 S
419 3473 432 3545 Η
454 3478 579 3528 notatam
603 3481 625 3529 V
644 3476 656 3546 Η
683 3493 737 3530 nou
756 3481 844 3531 totam
864 3480 1063 3532 Scluatoctius
1084 3477 1097 3550 Η
1123 3481 1218 3547 ipsse
1237 3478 1335 3532 dicunt
1351 3498 1417 3547 sup-

302 3566 427 3629 pleadum
448 3581 542 3615 curioso
561 3580 661 3617 nauem
679 3565 752 3618 inter
771 3569 847 3619 ostra
866 3567 1032 3621 collocatam
1051 3571 1221 3634 os.p.176‚9
1243 3566 1255 3636 Η
1277 3564 1352 3635 quod
1365 3586 1415 3618 om.

308 3647 358 3717 Vll
379 3649 497 3703 danaum
516 3655 537 3703 V
555 3648 570 3720 Η
590 3649 675 3703 filium
695 3656 715 3702 V
736 3653 749 3722 Η
769 3653 934 3708 Shabuisse
953 3659 974 3706 V
993 3650 1006 3723 Η
1028 3655 1174 3724 egiptusS
1194 3654 1208 3724 Η
1229 3654 1348 3724 egippus
1366 3652 1414 3723 Vll

303 3737 320 3792 9
339 3736 402 3789 Dan
410 3747 450 3800 {¹¹¹⁵
468 3741 489 3789 S
509 3735 523 3806 Η
544 3740 578 3793 10
597 3754 674 3808 eosq.
693 3743 714 3791 V
733 3736 746 3810 Η
768 3741 800 3793 11
819 3740 934 3794 Danaus
951 3740 1026 3828 re'oo
1045 3746 1066 3793 S
1087 3743 1100 3811 Η
1120 3742 1235 3795 Danaus
1255 3746 1347 3795 eutem
1365 3740 1413 3810 Vll

303 3822 459 3875 Mineruam
478 3823 669 3878 inuocauitV
700 3824 713 3897 Η
742 3828 776 3880 12
794 3827 988 3882 MineruomS
1017 3826 1031 3898 Η
1063 3830 1096 3883 13
1115 3844 1169 3899 que
1189 3845 1224 3882 ex
1243 3843 1326 3896 argos
1352 3837 1416 3879 unte

304 3928 374 3961 corr.
394 3913 415 3960 S
436 3907 449 3978 Η
471 3915 516 4067 ¹est
533 3916 554 3963 V
573 3909 587 3981 Η
608 3913 642 3966 14
660 3913 765 3983 profuit
783 3917 804 3964 S
825 3910 838 3983 Η
860 3916 893 3969 15
911 3918 1040 3984 patruum
1058 3916 1220 3987 impugnare
1240 3922 1261 3968 V
1281 3914 1293 3985 Η
1314 3917 1348 3971 16
1367 3930 1413 3968 ce-

302 4000 404 4067 perunt
422 4000 443 4048 S
463 3997 467 4067 l

266 4125 288 4169 G
338 4121 373 4174 18
392 4120 520 4174 fabulose
542 4124 580 4174 θ’
600 4133 664 4174 iiiito
684 4140 752 4177 corr.
768 4121 804 4173 Gi
825 4121 838 4190 Η
860 4125 893 4179 19
913 4125 1088 4180 conlocatum
1106 4123 1184 4177 G⁶G⁶
1205 4124 1219 4195 Η
1240 4126 1330 4194 primu
1350 4127 1417 4178 GG‘

302 4217 433 4259 mactatum
452 4225 488 4259 em
505 4208 594 4277 prima
614 4207 650 4260 θ’
683 4206 698 4277 Η
729 4209 762 4262 21
783 4209 878 4263 nauali
898 4210 1002 4265 wel
1035 4210 1048 4282 Η
1080 4213 1116 4267 22
1135 4214 1267 4282 quattuor
1289 4212 1367 4265 (3⁴6⁶-
1400 4210 1414 4285 Η

302 4292 426 4349 NAVIS
446 4313 502 4347 coni
522 4296 610 4363 {iyrrrn
630 4295 735 4347 agaae
756 4295 770 4367 Η
