3254 5202
772 497 1005 565 ..122-

294 676 322 743 's
420 666 570 753 Scorpius
597 684 677 734 sane
700 667 773 732 ideo
796 667 879 733 inter
901 671 987 732 astra
1008 686 1029 731 a
1051 667 1128 731 Ioue
1150 665 1270 733 inlatus
1292 670 1342 733 est
1366 665 1441 753 [pro

232 813 234 818 ·
335 774 391 863 eo]
416 774 503 858 quod
524 774 629 841 ferunt
649 795 689 840 ex
710 781 796 842 terra
818 782 922 842 ortum
943 776 1220 857 summissumque,
1244 777 1299 860 qui
1321 776 1442 843 Oriona

333 882 524 949 interficeret
546 885 587 949 ob
603 884 674 950 eius
696 886 933 969 loquacitatem,
956 884 1042 968 quod
1065 904 1105 949 ex
1127 884 1298 951 uenatione
1318 885 1441 950 nullam

334 1010 370 1057 se
392 991 492 1057 feram
513 993 694 1076 relinquere
717 989 877 1084 ὀφιοῧχος
899 995 1027 1061 diceret
1056 993 1148 1078 isque
1170 992 1292 1061 Oriona
1312 1013 1441 1079 percus-

301 1129 313 1168 a
334 1101 375 1165 sit
396 1107 427 1166 et
449 1101 564 1167 occidit
579 1100 739 1189 σκορπίος
762 1110 793 1170 et
814 1105 889 1170 inde
912 1105 954 1170 ab
968 1103 1047 1168 Ioue
1063 1102 1158 1168 astris
1174 1102 1292 1184 illatus,
1314 1109 1350 1168 ut
1371 1103 1440 1169 eiua

333 1215 483 1276 naturam
497 1210 593 1276 futuri
608 1211 754 1280 homines
771 1214 993 1297 intelligerent.
1015 1210 1164 1294 Nigidius
1179 1213 1226 1278 ita
1240 1212 1331 1278 dicit:
1354 1231 1441 1279 seor-

333 1318 461 1403 pionem
483 1319 526 1384 ad
547 1322 722 1405 perniciem
738 1322 866 1389 Orionis
888 1322 920 1387 in
943 1321 1050 1386 insula
1065 1319 1144 1385 Ohic
1165 1320 1200 1385 in
1221 1327 1329 1386 monte
1351 1321 1441 1387 lclre-

332 1427 434 1512 lippio
463 1434 564 1494 ortum
590 1432 755 1496 uoluntate
781 1436 879 1513 atque
906 1449 1003 1514 opera
1029 1429 1165 1494 Dianae.
1204 1449 1281 1495 nam
1310 1451 1381 1495 cum
1406 1430 1440 1494 in

333 1543 439 1603 monte
461 1538 613 1605 icelcinio
627 1545 798 1605 uenaretur
819 1539 954 1604 irridens
970 1539 1108 1603 Dianam
1126 1540 1349 1606 contemnebat
1371 1539 1441 1605 eius

296 1673 322 1714 ιο
333 1666 444 1731 opera,
464 1667 556 1743 ¹quae
581 1648 616 1712 in
637 1653 745 1714 monte
772 1648 991 1714 constituebat.
1022 1647 1131 1729 itaque
1152 1647 1293 1713 Dianam
1314 1648 1440 1715 misisse

332 1756 548 1841 scorpionem,
578 1755 632 1839 qui
655 1756 807 1824 Orionem
829 1758 898 1824 uita
919 1758 1078 1842 priuaret,
1109 1771 1137 1823 ct
1158 1763 1273 1843 postea
1295 1759 1337 1825 ab
1360 1757 1440 1823 Ioue

332 1866 522 1951 inpetrasse,
546 1873 581 1932 ut
603 1867 729 1951 scorpio
752 1867 785 1932 in
806 1891 853 1931 1111
875 1866 1210 1952 signorumeemcria
1233 1866 1440 1932 constituere·

331 1980 392 2038 tur.
413 1975 465 2041 hic
487 1977 528 2042 ob
550 1975 806 2060 magnitudinem
827 1977 862 2041 iu
885 1976 949 2042 duo
965 1974 1131 2041 domicilia
1152 1973 1297 2059 partitur,
1321 1974 1439 2040 etenim

333 2083 423 2148 aliud
452 2084 632 2150 adtendunt
660 2084 810 2150 bracchia
836 2085 920 2162 eius,
948 2084 1037 2150 aliud
1065 2103 1181 2168 corpus
1210 2089 1243 2149 et
1269 2082 1373 2150 cauda
1396 2083 1438 2148 ad

295 2220 319 2258 1⁵
332 2192 490 2258 aculeum.
516 2191 614 2257 habet
635 2197 742 2258 autem
765 2194 877 2260 stellas
899 2194 933 2259 in
954 2211 1149 2276 unoquoque
1170 2212 1269 2258 cornu
1291 2192 1383 2271 duas,
1404 2192 1439 2256 in

294 2434 324 2500 G
418 2426 585 2512 Scorpium
606 2447 687 2494 sane
709 2427 783 2494 ideo
811 2451 832 2496 a
852 2432 929 2497 Ioue
951 2428 1037 2493 inter
1058 2433 1148 2493 astra
1170 2427 1372 2494 conlocatum
1394 2426 1437 2491 s-

329 2542 404 2601 runt
429 2553 468 2601 eo
496 2536 582 2619 quod
610 2536 774 2624 Orionem,
807 2539 861 2623 qui
889 2547 921 2604 et
945 2538 1059 2623 iugula
1086 2536 1215 2621 dieitur,
1239 2535 1434 2602 adminiculo

330 2643 457 2711 Dianae
488 2665 592 2730 paene
622 2665 733 2712 omnes
760 2648 881 2713 bestias
914 2647 1156 2713 interficientem
1183 2645 1378 2730 percusserit
1404 2650 1436 2709 et

331 2754 484 2819 occiderit
505 2754 623 2834 siluae;
648 2756 735 2837 quod
756 2760 857 2823 Terra
878 2757 940 2823 hac
963 2776 997 2821 re
1013 2759 1168 2841 conperta
1190 2755 1308 2820 mirata
1323 2759 1355 2819 et
1367 2754 1435 2818 lae-

291 2867 399 2935 20tata
426 2862 482 2942 sit,
511 2882 532 2928 a
558 2882 594 2929 se
622 2863 776 2931 uidelicet
803 2870 947 2931 exortum
973 2871 1154 2950 serpentem
1178 2864 1437 2947 interemptorem

331 2989 462 3037 suarum
483 2972 686 3040 interemisse
708 2972 892 3040 bestiarum.

291 3232 312 3282 8
366 3229 465 3284 lidae
485 3248 535 3282 om.
557 3236 580 3284 V
599 3229 612 3301 11
632 3231 726 3286 illatus
750 3235 773 3284 V
794 3230 808 3302 11
832 3247 883 3301 pro
903 3247 937 3286 eo
957 3233 1044 3284 deleat
1069 3230 1082 3302 11
1107 3230 1262 3300 Baiusqs
1282 3227 1296 3300 11
1320 3222 1436 3284 aeneia·

329 3316 445 3370 tiones
471 3314 483 3385 1
508 3315 1438 3389 4080119081.νιΙῡεκοΡΠιοοεοιη.νΙΙαν

331 3401 345 3471 11
364 3401 459 3455 illatus
478 3406 522 3457 ot
540 3409 563 3458 V
580 3403 593 3474 11
614 3403 781 3473 6Nigidius
799 3408 893 3458 autem
911 3404 982 3459 dicit
999 3410 1022 3459 V
1039 3403 1052 3475 11
1073 3404 1224 3476 lpnitiem
1241 3410 1264 3458 V
1281 3403 1295 3475 11
1315 3406 1333 3460 8
1351 3420 1435 3475 opere

328 3509 350 3558 S
370 3503 383 3577 11
404 3523 457 3577 ope
481 3511 502 3559 V
521 3505 535 3577 11
556 3523 643 3578 opera
660 3511 757 3576 scripsi
778 3507 791 3579 11
811 3509 828 3564 9
847 3488 984 3562 ce¹eionic
1008 3514 1030 3561 V
1050 3506 1062 3577 11
1082 3508 1208 3577 Dyanam
1225 3512 1248 3560 V
1266 3504 1280 3577 11
1300 3510 1335 3565 10
1353 3507 1437 3562 diana

327 3596 348 3644 8
378 3591 392 3663 11
422 3592 540 3663 dyanam
559 3594 706 3649 diciturV
733 3595 747 3666 11
774 3597 808 3650 11
828 3599 857 3648 et
875 3596 968 3647 addicta·
993 3593 1008 3664 11
1031 3595 1198 3665 impetrasse
1222 3599 1244 3647 V
1267 3592 1281 3663 11
1306 3595 1434 3650 121101-

327 3679 394 3750 pion
413 3685 493 3733 1118
513 3681 527 3751 11
547 3684 582 3738 14
599 3682 635 3736 ad
654 3682 725 3736 aliua
749 3688 772 3736 V
795 3681 810 3754 11
835 3681 1043 3736 attendants
1069 3681 1083 3753 11
1107 3681 1226 3736 tendant
1249 3685 1272 3734 V
1289 3680 1302 3751 11
1322 3681 1434 3736 brancis

326 3770 348 3819 8
376 3765 389 3836 11
418 3766 534 3823 brachia
557 3775 579 3821 V
605 3769 619 3840 11
648 3770 709 3823 eius
728 3769 784 3824 alia
805 3773 945 3840 ccrpues
976 3766 989 3839 11
1018 3769 1079 3823 eius
1098 3769 1134 3823 ad
1152 3767 1228 3822 aliud
1246 3782 1348 3838 eorpus
1372 3773 1396 3822 V
1420 3767 1433 3838 11

328 3853 362 3907 ab
382 3853 481 3908 aculeo
499 3860 521 3909 8
541 3854 555 3927 11
575 3859 605 3909 et
623 3856 737 3911 aculeus
761 3861 784 3910 V
803 3856 816 3927 11
837 3856 874 3931 acl
890 3856 1017 3910 aculeum
1033 3859 1130 3923 scripsi
1151 3854 1164 3925 11
1185 3855 1218 3910 15
1235 3857 1326 3924 utroq.
1351 3859 1374 3908 V
1391 3853 1404 3924 11

292 4033 315 4080 0
362 4026 397 4081 16
416 4024 579 4096 Scorpionis
600 4028 623 4080 Θ
648 4026 661 4097 11
686 4025 826 4081 collocata
847 4023 883 4079 Gl
908 4025 922 4097 11
946 4024 1045 4079 ferunt’
1067 4021 1178 4094 (1·0111
1203 4024 1435 4080 minacique·

329 4108 366 4165 Ol
387 4110 400 4182 11
420 4112 514 4180 iugula
525 4116 622 4180 scripsi
642 4111 655 4183 11
676 4129 767 4184 poene
783 4109 887 4165 OG⁶G⁶
908 4111 921 4183 11
942 4114 976 4167 19
989 4112 1051 4183 siliq
1066 4109 1144 4165 (³³6⁶
1165 4111 1178 4182 11
1198 4111 1286 4166 siluae
1304 4122 1366 4180 port
1384 4112 1434 4167 be-

328 4198 398 4253 stias
418 4202 567 4267 ponendam
585 4217 678 4253 censeo
698 4197 712 4269 11
732 4203 805 4270 terrq
825 4202 863 4253 (3⁶
883 4198 896 4270 11
916 4199 1043 4255 miratam
1064 4197 1168 4253 OO⁶O⁶
1188 4197 1202 4270 11
1222 4198 1322 4254 mirata
1338 4204 1435 4269 scripsi

329 4284 343 4356 11
362 4285 450 4341 letata
469 4288 494 4341 G
512 4283 526 4357 11
546 4288 580 4342 21
598 4286 775 4359 interemissp
796 4289 819 4341 O
839 4284 854 4358 11
