3252 5204
790 530 1003 600 ...66-

342 690 620 780 tis‘oboedissent,
642 688 764 767 tamdiu
785 701 882 767 uitam
906 702 976 768 sine
999 722 1075 769 cura
1097 722 1135 768 ao
1150 702 1363 770 sollicitudine
1384 705 1449 771 fac·

342 818 439 878 turos
485 810 544 877 sed
565 832 635 877 cum
658 804 880 896 neglegentius·
900 812 1092 895 aequitatem
1114 814 1325 881 obseruareut
1346 819 1380 882 ab
1401 816 1447 883 in-

342 923 505 1005 sidiasque
528 921 757 1000 declinassent,
787 921 957 1007 cupiditate
985 930 1016 988 et
1042 924 1177 991 auaritia
1204 925 1285 990 alter
1312 924 1445 991 alterum

342 1031 531 1118 deciperent,
554 1032 595 1096 ab
617 1030 799 1096 hominibus
822 1030 1017 1098 discessisse.
1052 1034 1150 1118 digna
1165 1034 1294 1100 caelesti
1314 1054 1444 1101 numero

315 1143 508 1208 sinmortale
529 1140 704 1227 praemium
725 1141 850 1225 pietatis
872 1143 1023 1226 possedit.
1058 1150 1131 1209 sunt
1146 1144 1201 1227 qui
1215 1144 1306 1209 aliter
1327 1163 1445 1209 memo·

295 1270 302 1407 Ι
341 1258 419 1319 rent.
454 1233 625 1335 Erigonen
640 1249 867 1317 Atheniensem
888 1252 972 1317 Icari
999 1253 1095 1345 tiliam
1117 1253 1227 1320 fuisse.
1261 1254 1444 1338 quodcum

339 1364 435 1430 Liber
467 1362 631 1427 inuentum
664 1380 757 1426 suum
790 1361 898 1425 uinum
933 1364 1090 1431 suauitate
1116 1365 1198 1431 inter
1223 1368 1375 1432 mortales
1399 1367 1444 1431 in·

338 1475 501 1556 lustraret,
534 1471 668 1538 ueritum
692 1489 745 1550 ne,
783 1490 853 1534 cum
881 1471 1003 1538 ciuibus
1030 1475 1098 1540 suis
1125 1476 1292 1543 obtulisset
1320 1478 1444 1562 saporis

338 1584 547 1661 nobilitatem,
570 1581 733 1648 ebrietatis
747 1579 973 1646 iucunditatem
997 1584 1224 1652 arbitrarentur
1245 1587 1444 1667 maleficium,

301 1714 327 1753 ιο
338 1694 497 1780 persuasit
518 1693 620 1758 Icario
649 1687 840 1757 amicissimo
869 1691 929 1756 sibi
956 1699 991 1757 ut
1016 1695 1044 1761 is
1073 1696 1204 1762 inferret
1227 1698 1261 1761 in
1283 1698 1444 1763 ciuitatem

339 1827 434 1891 quam
456 1804 553 1870 uellet
576 1802 649 1891 [hoc
672 1808 720 1867 est
741 1800 873 1891 uinuml.
908 1806 994 1886 quod
1022 1811 1053 1870 et
1074 1806 1178 1873 libens
1201 1809 1302 1874 amico
1324 1808 1443 1874 Icarius

337 1918 407 2015 tulit
430 1920 460 1980 et
482 1913 640 1980 distribuit
660 1913 694 2003 in
708 1899 823 1979 Attice.
856 1913 888 1977 hi
912 1915 995 1999 capti
1016 1916 1181 1982 nobilitate
1204 1918 1270 1983 nini
1289 1919 1441 2003 languore

337 2028 442 2093 subito
465 2024 654 2090 uacillautes
676 2024 778 2109 ueriti,
802 2045 843 2088 ue
859 2045 922 2088 non
937 2026 1105 2108 augendae
1119 2027 1291 2111 uoluptatis
1313 2028 1371 2095 sed
1384 2030 1443 2094 mi·

336 2135 483 2205 nuendac
498 2133 692 2200 ualetudinis
707 2140 794 2200 esset
809 2153 922 2200 sensus
937 2134 998 2199 sibi
1021 2134 1172 2217 sublatus,
1197 2141 1344 2204 commoti
1365 2140 1441 2205 uino

299 2268 323 2306 n
333 2245 587 2333 praecordiaque
608 2242 781 2333 transpulsi
794 2245 930 2310 Icarium
952 2246 1187 2313 interfecerunt.
1223 2250 1308 2331 quod
1323 2271 1380 2334 pro
1396 2251 1442 2316 iu-

334 2356 526 2424 cundissimo
542 2356 745 2441 praemicent
759 2356 894 2441 adeptus
910 2363 1021 2423 contra
1034 2377 1164 2423 morem.
1191 2359 1290 2444 patris
1300 2361 1442 2444 Erigone

334 2467 573 2533 commiseratur
587 2466 710 2531 ululatu
724 2472 868 2546 mortem,
891 2473 1049 2531 mortuum
1064 2469 1238 2550 requirens.
1272 2470 1360 2535 canis
1375 2470 1440 2536 leni

332 2576 470 2659 uestigio
500 2595 571 2643 eam
599 2577 785 2642 accersitam
812 2578 855 2643 ad
883 2578 982 2663 patris
1010 2595 1124 2660 corpus
1150 2576 1307 2661 perduxit.
1356 2598 1439 2662 quae

333 2688 403 2753 eius
432 2684 547 2772 corpus
575 2687 690 2772 sepelit
716 2687 852 2771 ipsaque
879 2708 914 2753 se
940 2689 974 2752 in
1000 2688 1149 2772 Hymetto
1178 2694 1285 2753 monte
1307 2690 1439 2755 contulit

1616 170 1621 314 l

1580 322 1621 517 1

1618 854 1621 1037 l

331 2880 347 2935 1
367 2877 532 2934 obedissent
550 2881 596 2930 ΔΡ
614 2878 627 2948 Η
648 2878 755 2933 futuros
769 2883 815 2931 ΑΡ
832 2875 846 2950 Η
867 2877 991 2933 facturos
1011 2881 1141 2930 Hertzios
1160 2883 1203 2946 qai
1222 2882 1341 2946 conferri
1359 2884 1438 2934 iussit

331 2968 453 3019 Dialeon.
465 2969 587 3018 coartante
601 2984 623 3019 a.
632 2983 658 3017 c.
669 2969 759 3033 fucere
770 2969 832 3019 Sec.
844 2984 885 3034 ep.
896 2974 931 3018 60
943 2970 1020 3017 Grai.
1031 2968 1111 3018 inser.
1122 2967 1370 3020 DCCCXXXVIH
1381 2975 1412 3021 12
1423 2966 1437 3040 Η

330 3054 347 3109 2
368 3053 561 3124 neglegentius
575 3071 643 3106 corr.
657 3070 692 3105 ea
705 3055 886 3123 neglegentes
899 3058 922 3105 P
940 3050 953 3124 Η
974 3053 1161 3107 obsecrarent
1179 3051 1223 3123 (en
1236 3071 1271 3113 ea
1281 3053 1361 3125 corr.)
1381 3059 1404 3106 P
1420 3053 1436 3126 Η

329 3141 359 3195 iu
371 3161 463 3210 margo
478 3157 570 3209 opnor.
585 3143 678 3194 Borol.
697 3136 711 3210 Η
732 3143 953 3195 emouerent?
971 3138 984 3211 Η
1005 3141 1022 3196 6
1041 3140 1217 3209 erigonemP
1235 3139 1249 3211 Η
1268 3141 1400 3195 micaria
1420 3140 1435 3213 Η

329 3230 346 3284 l
363 3233 482 3297 fortasse
499 3228 594 3281 ninum
606 3225 687 3284 uuain
698 3229 785 3282 uitem
804 3228 817 3298 Η
836 3229 1059 3285 mortalitatesP
1077 3226 1091 3298 Η
1111 3229 1128 3282 9
1147 3227 1323 3282 aebridzetem
1340 3229 1435 3282 iocun-

328 3314 426 3370 ditatis
440 3317 488 3367 ΑΡ
505 3312 520 3384 Η
541 3314 687 3398 ebrietatis
705 3315 905 3371 iucunditatem
923 3321 1020 3385 scripsi
1040 3313 1055 3386 Η
1076 3316 1110 3370 10
1127 3313 1228 3369 inferre
1247 3314 1275 3367 in
1294 3314 1437 3371 ciuitatem

328 3445 405 3485 suam
417 3429 505 3484 uellet
517 3448 529 3483 ε
549 3428 563 3501 Η
584 3405 698 3486 citatem
712 3436 733 3482 P
751 3430 765 3502 Η
785 3433 818 3486 11
832 3432 885 3486 hcc
899 3435 944 3486 est
955 3431 1048 3484 uinum
1062 3431 1185 3481 delerrita
1204 3423 1217 3498 Η
1239 3428 1314 3497 quod
1327 3434 1405 3483 estA
1421 3429 1434 3501 Η

328 3518 418 3572 enimc
431 3522 479 3571 ΑΡ
496 3515 510 3589 Η
529 3521 620 3574 amico
639 3538 651 3573 ε
671 3519 685 3592 Η
705 3521 739 3574 12
757 3520 850 3590 capite
871 3523 893 3571 P
912 3518 925 3591 Η
945 3520 1096 3587 langoreP
1114 3514 1128 3588 Η
1148 3517 1183 3572 14
1199 3515 1363 3570 ualitudinis
1379 3521 1402 3569 Ρ
1419 3515 1433 3588 Η

328 3605 357 3659 id
376 3611 420 3660 ast
438 3623 549 3662 sensum
569 3606 623 3661 sibi
643 3605 780 3661 sublatum
794 3612 841 3660 ΔΡ
859 3607 972 3678 ΗΗθεεθ1
984 3618 1083 3660 sensus
1097 3604 1152 3658 sibi
1165 3603 1292 3657 sublatus
1304 3609 1400 3673 scripsi
1421 3602 1435 3675 Η

328 3688 436 3766 [idest]
451 3710 563 3749 sensum
582 3693 637 3748 sibi
656 3694 794 3748 sublatum
807 3694 860 3729 *i*
878 3713 890 3748 ε
912 3694 926 3766 Η
948 3694 1076 3760 docrevit.
1093 3692 1230 3749 sentirent
1247 3695 1291 3745 nel
1309 3697 1365 3745 tale
1385 3697 1437 3744 oli-

327 3778 389 3851 q'cid
402 3785 533 3836 excidisse
547 3792 645 3835 censet.
659 3787 736 3834 immo
750 3801 802 3836 raon
816 3787 897 3836 ueriti
911 3792 974 3835 salut
988 3800 1020 3835 oe
1036 3783 1180 3842 sentirent,
1198 3782 1247 3833 sed
1259 3789 1399 3833 senserant
1415 3776 1434 3853 Η

223 3910 226 3913 ·
325 3886 359 3941 15
377 3883 542 3956 praecordia
561 3891 582 3938 P
598 3885 613 3958 Η
633 3887 735 3940 icarum
751 3890 771 3937 A
793 3884 806 3958 Η
827 3885 955 3940 IOarinm
974 3903 1009 3937 aa
1022 3889 1128 3939 συντ]
1146 3884 1158 3956 Η
1179 3862 1357 3939 intblicerunt
1375 3887 1396 3935 A
1417 3881 1432 3955 Η

323 3973 524 4028 iocundissima
542 3979 565 4026 P
583 3972 596 4043 Η
618 3976 651 4029 16
670 3977 768 4028 contra
787 3989 887 4044 corpus
907 3973 996 4043 patris
1016 3990 1028 4024 ε
1048 3972 1063 4044 Η
1085 3974 1118 4027 ll
1138 3970 1357 4025 commiserando
1376 3973 1397 4021 Δ
1419 3969 1433 4040 Η

324 4059 544 4115 commiserando
564 4064 586 4111 P
604 4059 617 4132 Η
636 4061 858 4115 ululatumortem
876 4063 994 4114 mortem
1008 4062 1053 4112 ΑΡ
1071 4057 1085 4130 Η
1100 4059 1308 4115 commiseratur
1325 4056 1432 4110 ululatu

322 4168 447 4231 mortem,
465 4167 601 4219 mortuum
612 4169 711 4232 scripsi
730 4170 765 4232 cs.
778 4168 956 4218 {ternanos
970 4160 982 4234 Η
998 4135 1119 4219 canileni
1131 4168 1154 4215 P
1166 4161 1179 4234 Η
1194 4164 1228 4219 18
1239 4164 1339 4215 tenens
1351 4163 1432 4214 ueste

321 4269 334 4305 ε
354 4250 368 4324 Η
390 4267 537 4308 accensam
549 4255 597 4304 ΔΡ
615 4249 629 4321 Η
650 4252 814 4307 accersitam
833 4270 845 4305 ε
866 4248 879 4321 Η
900 4250 997 4305 matris
1011 4254 1059 4303 ΔΡ
1076 4267 1171 4303 corne
1191 4247 1206 4320 Η
1227 4250 1265 4306 19Ἰ
1279 4248 1343 4319 ipsa
1362 4264 1432 4319 quae

322 4367 343 4416 Δ
359 4361 373 4433 Η
386 4362 531 4433 hymetoA
553 4360 569 4434 Η
588 4331 797 4433 hymebomb'nte
812 4367 833 4415 P
850 4362 864 4433 Η
885 4361 1003 4416 contulit
1014 4362 1130 4431 tibiq.A
1146 4356 1160 4431 Η
1180 4358 1368 4430 contulitibiq.
1381 4363 1404 4411 P
1415 4358 1430 4430 Η
