3202 5200
628 500 863 565 -199—

186 672 272 754 quod
288 672 404 738 dieitur
419 671 588 756 trigonum,
610 675 642 734 et
655 668 774 735 habent
788 667 928 733 maxime
943 669 1197 735 eonsensionem.
1220 672 1297 736 item

148 794 152 801 ’
184 802 205 851 a
227 786 349 862 quarto,
373 780 459 862 quod
482 779 595 844 dieitur
616 783 808 859 tetragonon
837 781 868 842 et
891 783 1023 843 centron
1045 784 1186 862 uooatur,
1210 780 1298 845 etin

185 890 372 954 alterutrum
396 889 569 954 maximum
591 893 753 972 praestant
775 887 946 965 effeetum„
964 888 1040 953 item
1063 909 1103 955 ex
1126 890 1297 968 mulnario,

185 997 272 1080 quod
305 1005 353 1064 est
385 1000 552 1081 septimum
586 998 713 1079 siguum
746 1003 778 1062 et
806 996 986 1063 diametron
1018 1005 1152 1065 uooatur
1185 1004 1297 1081 estque

184 1107 325 1172 maxime
344 1107 525 1175 aduersum.
553 1112 659 1173 uetera
681 1107 837 1173 dissident
859 1108 911 1173 uel
934 1107 1050 1172 leuiter
1071 1107 1240 1196 aspiciunt,
1264 1113 1298 1171 ut
1324 1137 1337 1174 s

185 1221 308 1281 sextum
324 1217 483 1300 quodque,
500 1216 587 1299 quod
602 1217 716 1283 dieitur
730 1217 931 1300 hexagonon.
955 1216 1051 1300 signa
1065 1216 1191 1301 tropina
1205 1236 1298 1301 pere·

184 1326 415 1408 grinationibus
438 1333 591 1411 praesunt
613 1332 645 1392 et
668 1327 796 1392 omniuo
811 1325 950 1391 motibus
966 1330 997 1390 et
1018 1326 1050 1390 iu
1068 1327 1210 1392 oonsiliis
1222 1328 1297 1392 sub-

184 1433 260 1499 inde
282 1436 407 1500 uariant
429 1441 524 1517 atque
546 1442 736 1519 permutant.
770 1435 922 1501 biformia
950 1435 1167 1517 geminatione
1189 1455 1297 1501 rerum

185 1543 325 1608 omniurn
353 1544 573 1628 repetitionem
601 1543 783 1626 significant
812 1551 844 1609 et
870 1544 997 1610 interim
1018 1545 1213 1610 dilationem.
1248 1566 1297 1610 so-

184 1653 251 1718 lida
283 1654 490 1720 uehementer
524 1661 556 1719 et
586 1654 744 1720 instanter
777 1652 917 1719 efficiunt
950 1659 982 1718 et
1013 1653 1057 1718 ad
1090 1655 1208 1719 exitum
1243 1654 1297 1719 uel
1312 1685 1336 1746 ro

183 1784 339 1847 prospera
360 1764 415 1829 uel
437 1764 576 1829 aduersa
598 1764 791 1848 perducunt,
820 1763 901 1828 siout
927 1762 1124 1846 aspioiuntur
1153 1782 1173 1827 a
1196 1763 1297 1827 stellis

183 1873 236 1936 uel
258 1872 441 1939 fauentibus
463 1875 516 1938 uel
538 1873 798 1957 repugnantibus.

269 1983 337 2046 Iam
360 2002 439 2048 uero
463 1983 540 2065 quia
570 1982 612 2048 de
633 1984 704 2049 eius
727 2003 822 2048 eursu
844 1981 897 2046 uel
921 1980 1032 2047 ordine
1055 1982 1115 2046 sub
1139 1982 1296 2048 breuitate

186 2091 337 2170 diximus,
366 2075 466 2157 restat
493 2097 528 2156 ut
555 2091 632 2174 quid
654 2093 695 2157 de
717 2111 758 2158 ea
780 2092 918 2175 gentiles
941 2091 1100 2156 senserint
1122 2091 1295 2157 edicamus.

184 2200 293 2265 lunam
315 2207 421 2266 autem
443 2202 579 2287 gentiles
595 2203 734 2268 Dianam
756 2222 945 2285 germanam
967 2199 1062 2284 Solis,
1087 2221 1181 2283 quem
1197 2201 1298 2284 Apol·
1311 2233 1335 2271 15

183 2309 283 2375 linem
305 2311 546 2396 nuncupabant,
569 2311 671 2377 fuisse
694 2317 725 2376 et
748 2312 829 2376 siout
849 2332 869 2375 a
891 2310 960 2375 sole
983 2311 1130 2393 spiritum
1152 2312 1196 2374 ita
1219 2330 1254 2375 se
1277 2330 1298 2374 a

182 2419 262 2483 luna
284 2438 400 2502 eorpus
423 2419 568 2502 aeeipere
590 2421 792 2485 arbitrantur.
816 2419 969 2483 dicebaut
984 2418 1068 2482 euim
1084 2437 1157 2483 eam
1171 2419 1297 2482 uiarum

181 2528 364 2612 praesidem
387 2535 419 2593 et
446 2529 620 2610 uirginem,
649 2548 688 2593 eo
718 2526 805 2610 quod
831 2527 887 2590 uia
913 2526 993 2590 nihil
1022 2525 1136 2609 pariat.
1175 2526 1295 2593 ideireo

180 2636 278 2721 igitur
293 2637 422 2718 quidam
440 2637 534 2704 ambo
551 2638 686 2719 sagittas
703 2635 824 2701 habere
841 2634 960 2714 dieunt,
984 2636 1071 2719 quod
1085 2636 1159 2720 ipsa
1174 2635 1238 2701 duo
1253 2636 1295 2701 si·

183 2745 261 2811 dera
282 2746 323 2811 de
345 2749 437 2813 eaelo
459 2747 567 2813 radios
589 2766 692 2829 usque
714 2744 758 2810 ad
780 2751 899 2811 terram
922 2746 1073 2810 emittant.
1098 2745 1170 2810 ideo
1193 2744 1293 2829 tanes,
1307 2779 1333 2817 20

183 2856 257 2937 quia
277 2856 356 2920 luna
375 2856 543 2940 illuminat,
565 2856 614 2921 sol
634 2861 665 2920 et
685 2852 844 2943 illuminat
864 2860 895 2919 et
915 2854 1028 2919 exurit.
1056 2853 1130 2921 ideo
1150 2855 1227 2920 luna
1249 2856 1296 2921 bi-

181 2985 255 3049 gam
275 2966 395 3043 habere
412 2966 528 3030 dieitur
544 2966 614 3030 siue
629 2970 760 3048 propter
776 2963 977 3030 uelocitatem
994 2964 1063 3030 siue
1078 2985 1136 3048 pro
1152 2983 1191 3030 eo
1209 2965 1295 3046 quod

217 3121 231 3172 1
251 3119 381 3188 trigouou
403 3121 602 3174 VCeurorr'oor
626 3117 641 3190 Η
666 3118 860 3174 confusionem
884 3124 906 3171 V
930 3117 943 3190 Η
969 3121 986 3174 2
1008 3122 1107 3189 quarto
1126 3119 1207 3187 signo
1231 3124 1253 3171 V
1276 3120 1289 3190 Η

183 3204 286 3259 dieitur
304 3226 353 3260 om.
372 3214 395 3261 V
414 3207 427 3278 Η
447 3211 464 3263 3
482 3212 625 3278 prestatS
645 3205 660 3279 Η
677 3208 697 3262 4
715 3206 877 3276 dyametron
893 3213 916 3260 V
935 3204 948 3277 Η
969 3210 1014 3260 est
1032 3205 1107 3276 quod
1124 3212 1147 3259 V
1166 3205 1179 3274 Η
1198 3206 1216 3262 5
1235 3205 1292 3261 dis·

183 3294 286 3347 cedent
303 3297 324 3345 S
348 3292 363 3365 Η
389 3300 418 3349 et
436 3296 536 3349 leuiter
560 3299 581 3347 V
600 3294 614 3366 Η
635 3298 651 3351 6
670 3310 817 3363 exagonon
835 3298 856 3345 S
877 3292 889 3364 Η
910 3292 1067 3364 peregrinis
1087 3294 1248 3348 nationibus
1272 3300 1295 3347 V
1311 3339 1329 3363 r,

181 3379 195 3451 Η
220 3382 235 3435 7
254 3398 288 3436 eo
309 3385 353 3436 oio
379 3388 400 3434 V
419 3381 432 3452 Η
452 3383 573 3437 molibus
592 3387 613 3435 S
634 3380 647 3452 Η
667 3383 695 3435 in
715 3401 764 3434 om.
783 3387 805 3433 V
824 3380 838 3451 Η
857 3382 875 3437 8
892 3380 1034 3434 uariantur
1058 3384 1079 3432 V
1099 3380 1111 3450 Η
1132 3386 1291 3451 permutan-

180 3471 224 3521 tur
241 3474 264 3521 V
281 3467 295 3541 Η
316 3470 497 3538 generatione
516 3476 538 3523 V
557 3467 570 3542 Η
591 3473 607 3525 9
626 3469 794 3541 repetitione
808 3471 857 3521 SV
876 3467 889 3538 ,Ι
910 3467 1107 3539 repetitionem
1122 3471 1262 3525 Censorio.
1277 3467 1290 3540 Η

180 3555 333 3610 solidamS
354 3555 366 3626 Η
387 3558 421 3611 11
439 3573 576 3626 prospera
595 3577 665 3610 corr.
679 3575 714 3609 err
732 3559 905 3625 proxperaS
926 3554 939 3624 Η
960 3555 994 3610 15
1013 3555 1104 3608 lunam
1118 3556 1220 3624 autem]
1239 3560 1293 3610 lai-

180 3648 237 3697 dor.
249 3649 334 3711 oripp.
350 3649 515 3706 V11111,oe
534 3643 548 3714 Η
568 3644 639 3697 hane
653 3642 772 3711 gentiles
787 3639 920 3693 BGGVGV
942 3640 956 3711 Η
977 3644 1068 3694 autem
1082 3660 1132 3695 om.
1150 3647 1173 3694 V
1192 3640 1205 3711 Η
1226 3641 1291 3710 dya-

180 3748 242 3783 nam
266 3735 288 3783 V
307 3728 321 3800 Η
341 3745 499 3798 germanam
512 3729 598 3798 Solis]
618 3733 759 3796 Aopastr‘o.
774 3732 806 3778 de
820 3731 893 3780 cinit.
908 3731 951 3779 dei
970 3733 1068 3780 V111o
1087 3724 1100 3797 Η
1122 3728 1292 3799 appollinem

180 3823 203 3870 Β
225 3817 238 3888 Η
259 3816 401 3888 appolline
423 3816 500 3869 (pago
521 3815 534 3886 Η
563 3818 597 3870 16
615 3815 704 3868 fuisse
724 3811 805 3868 dixe?
824 3814 954 3867 BGGVGV
974 3813 988 3886 Η
1009 3817 1042 3870 17
1062 3830 1198 3895 accepere
1220 3816 1256 3870 go
1276 3817 1290 3888 Η

179 3905 251 3958 falso
271 3903 477 3971 arbitrabantur
495 3899 629 3955 BGGVGV
649 3899 663 3971 Η
684 3903 718 3956 18
736 3902 765 3954 in
783 3901 830 3954 uia
849 3903 863 3951 b
884 3900 896 3969 Η
917 3907 1015 3971 pareat
1035 3906 1074 3954 GV
1087 3912 1150 3955 oute
1165 3922 1234 3961 corr.
1254 3905 1291 3958 go

180 3991 193 4061 Η
214 3991 318 4045 ieoiroo
343 3995 364 4041 V
382 3990 397 4059 Η
417 3991 451 4045 19
470 3988 582 4059 quidam
602 4006 651 4039 om.
665 3987 828 4041 BGGVGlV
847 3986 860 4059 Η
881 3989 987 4057 sagitas
1001 3993 1025 4042 Β
1047 3989 1060 4059 Η
1080 3989 1220 4060 finguntur
1238 3995 1291 4046 Be

153 4068 161 4079 ’
181 4076 258 4130 (3⁶6⁶
279 4076 291 4148 Η
312 4076 440 4130 dicuntur
463 4081 486 4127 V
503 4071 518 4144 Η
538 4073 640 4143 sydera
659 4073 764 4127 Βαθὺν
783 4074 797 4144 Η
817 4076 852 4131 20
869 4076 964 4130 radios
983 4096 1051 4129 corr.
1065 4095 1101 4130 err
1118 4079 1214 4132 radius
1226 4084 1251 4131 Β
1273 4078 1286 4149 Η

178 4163 272 4216 radias
287 4161 364 4215 (pappo
385 4161 399 4232 Η
418 4167 509 4216 terras
530 4160 675 4214 BGGVGl²
695 4160 708 4230 Η
730 4161 818 4216 facias
833 4168 856 4215 Β
878 4161 892 4234 Η
912 4164 946 4218 21
966 4164 1113 4218 inluminat
1125 4167 1187 4233 (bis)
1201 4167 1254 4217 Be
1271 4163 1287 4234 Η

179 4247 324 4301 inluminat
343 4247 421 4304 Gadi
441 4249 454 4319 Η
481 4248 608 4303 exexurit
627 4250 665 4301 (Β
685 4245 699 4317 Η
724 4247 790 4317 biga
809 4249 874 4303 luna
893 4248 1098 4305 dieiturhabere
1122 4256 1144 4305 V
1163 4249 1177 4322 Η
1196 4251 1289 4305 lunam

179 4338 224 4388 us
245 4332 258 4406 Η
278 4329 325 4387 lua
344 4338 368 4389 e
388 4336 400 4405 Η

699 4615 783 4677 'effic

682 4660 801 4776 forfone?

696 4792 789 4864 “nerui
