3254 5202
603 542 812 613 ..91-

162 733 293 780 numero
322 713 448 780 uidetur
474 734 546 780 esse
571 714 699 780 relatus.
730 715 952 798 sagittarius
973 716 1070 781 habet
1090 715 1201 781 'stellas
1221 714 1255 779 in

162 823 265 908 eapite
291 824 384 908 duas,
411 824 444 888 in
470 825 616 891 aoumine
644 824 781 906 sagittae
809 824 903 904 duas,
932 826 966 889 in
992 825 1104 890 dextro
1132 843 1256 889 anoone

161 920 266 1013 unam,
288 934 322 998 in
343 953 439 998 manu
461 954 566 1012 unam,
588 935 622 998 in
644 939 754 998 uentre
775 953 871 997 unam
895 936 1025 1020 alaram,
1048 934 1080 999 in
1101 934 1200 998 dorso
1221 956 1254 1011 11,

160 1043 194 1107 in
215 1043 318 1108 oauda
339 1063 448 1122 unam,
474 1043 509 1108 in
536 1063 619 1125 genu
645 1042 751 1127 priore
772 1062 879 1127 unam,
907 1043 985 1108 fiunt
1006 1063 1129 1110 summa
1149 1065 1192 1106 xr.
1222 1042 1256 1106 in

57 1227 65 1237 Ι
161 1171 283 1216 summo
309 1153 391 1236 pede
418 1172 526 1232 unam,
560 1153 594 1218 in
621 1152 797 1237 posteriore
824 1171 908 1234 genu
939 1173 1043 1217 unam.
1083 1152 1162 1217 fiunt
1186 1164 1294 1215 xrrr.⁵
1372 1211 1374 1215 ,

161 1261 272 1326 nauis
304 1267 408 1327 autem
431 1282 477 1324 vn
505 1262 617 1328 stellae
648 1263 791 1348 reliquae
824 1263 881 1327 sub
915 1282 1004 1327 orure
1036 1264 1153 1328 attilae
1184 1274 1257 1326 suut

160 1370 384 1454 posteriorum,
412 1390 494 1453 quae
522 1393 586 1437 non
613 1371 839 1449 ostenduntur,
867 1371 952 1454 quod
975 1377 1179 1438 centaurus
1201 1368 1255 1434 du·
1287 1429 1293 1439 ,

160 1480 235 1564 plen
257 1479 307 1544 sit.

244 1588 408 1674 Vnguibus
430 1588 588 1676 innocuis]

245 1698 334 1763 Haeo
355 1718 427 1764 esse
449 1697 562 1763 dieitur
584 1697 727 1781 sagitta
748 1698 922 1782 Apollinis,
946 1719 1010 1782 qua
1032 1699 1190 1783 Cyclopes
1209 1698 1296 1762 in-ro

161 1808 282 1873 terseeit
303 1828 359 1873 eos
381 1808 435 1889 qui
457 1809 543 1873 Iouis
565 1806 685 1872 fulmen
708 1808 860 1886 feserunt,
884 1808 970 1890 quod
993 1828 1032 1875 eo
1052 1808 1117 1874 telo
1138 1810 1259 1874 Aornu-

162 1916 265 2001 lspius
293 1916 376 1981 filius
404 1917 521 1982 eiusa
547 1918 625 1983 Ioue
652 1924 737 1984 esset
762 1916 954 1984 intorseotus.
985 1938 1080 2001 quam
1109 1916 1258 1999 sagittam

161 2026 255 2091 astris
286 2024 415 2090 inlatam
448 2027 632 2091 memoriam
672 2028 797 2093 uirtutis
831 2046 909 2093 suae
946 2013 1121 2109 reliquisse.
1162 2026 1259 2090 babet

161 2135 270 2200 stellas
286 2141 441 2221 quattuor,
464 2137 497 2201 in
512 2157 634 2202 summo
651 2160 672 2216 1,
694 2138 728 2202 in
749 2137 889 2222 medior,
910 2138 993 2202 ultra
1008 2135 1088 2201 duas
1108 2132 1256 2226 infundo

161 2244 305 2326 sagittae.
352 2227 355 2233 ⁶
912 2271 917 2276 ·
1270 2263 1296 2301 rs

244 2352 384 2436 Aquila
406 2354 487 2420 haeo
509 2361 571 2434 est,
594 2373 679 2437 quae
705 2356 922 2441 Ganymedem
945 2356 1050 2439 rapuit
1075 2355 1109 2418 in
1135 2353 1257 2419 eaelum

160 2463 229 2527 Ioui
251 2462 438 2528 ministrum.
480 2470 529 2530 est
558 2464 639 2528 enim
668 2484 708 2530 ea
735 2470 767 2529 ot
798 2465 922 2546 signum
948 2463 1044 2547 Iouis,
1074 2460 1160 2545 quod
1190 2460 1260 2526 sola
1308 2482 1329 2559 Η
1494 2506 1499 2561 3
1540 2496 1597 2599 Η,

160 2572 269 2637 auium
298 2571 375 2637 solis
402 2572 503 2638 radiis
530 2594 594 2639 non
620 2579 784 2639 terreatur.
814 2592 953 2656 namque
975 2572 1019 2637 ita
1043 2578 1091 2637 est
1113 2574 1260 2656 spectans
1312 2564 1394 2663 iu„
1425 2568 1505 2649 ΝΗ
1527 2566 1562 2621 ⁵¹
1590 2552 1613 2593 ‘⁴’

162 2679 205 2744 ad
227 2678 379 2745 orientem
400 2681 515 2765 pennis
536 2683 645 2749 tensis.
668 2682 899 2768 Aglaosthenes
918 2681 1003 2760 dioit,
1024 2682 1112 2747 Iouis
1134 2698 1205 2746 oum
1218 2697 1260 2744 ex
1319 2726 1375 2797 (vl

161 2790 253 2854 Naxo
277 2787 432 2856 aduersus
454 2790 587 2857 Titanas
608 2793 859 2877 profioiseeretur
874 2797 905 2857 et
920 2793 1108 2859 saerifioium
1127 2789 1257 2866 faceret,
1270 2812 1297 2851 ao
1337 2776 1341 2783 ’
1363 2774 1373 2804 ⁴

159 2899 299 2982 aquilam
322 2899 351 2963 ei
372 2899 406 2963 in
427 2899 569 2984 auspicio
591 2903 906 2986 appamisss.quam
921 2903 1006 2968 bono
1022 2902 1127 2967 omine
1148 2917 1259 2982 eoeepa

159 3016 223 3073 tam
245 3009 364 3074 tutelae
386 3026 465 3075 suae
488 3010 660 3077 subieoisse
673 3060 680 3076 .
693 3011 790 3077 habet
810 3008 918 3076 stellas
939 3034 1006 3077 1111.
1019 3032 1059 3078 ex
1080 3010 1131 3076 his
1153 3007 1259 3093 media

162 3118 249 3183 clara
271 3121 329 3183 est.

721 3267 752 3295 vn

159 3308 176 3362 2
195 3306 319 3361 anchona
338 3309 361 3357 P
378 3305 392 3377 Η
411 3307 428 3364 5
448 3322 552 3361 summa
569 3312 591 3361 A
613 3305 627 3378 Η
647 3310 663 3363 6
682 3322 793 3378 semper
812 3307 932 3380 (sempor
949 3313 1021 3362 lineo
1040 3310 1220 3377 transitumn
1243 3307 1257 3382 Η

158 3412 211 3448 vm
229 3398 252 3446 P
271 3392 283 3464 Η
303 3392 428 3463 reliquae
447 3398 539 3448 addidi
563 3394 576 3465 Η
602 3395 653 3450 sub
673 3411 750 3449 crure
769 3412 850 3449 unam
869 3400 891 3448 Δ
912 3395 926 3467 Η
951 3397 1001 3452 sub
1021 3413 1099 3452 orurs
1118 3416 1128 3449 r
1146 3403 1169 3450 P
1187 3397 1200 3468 Η
1220 3398 1257 3453 si·

64 3508 66 3517 =
158 3481 237 3535 miles
257 3483 322 3535 sunt
339 3482 432 3557 ‹rddidr'
451 3486 485 3550 cf.
498 3501 590 3551 proyr.
603 3487 682 3536 Poro.
696 3490 751 3549 pa
771 3479 785 3552 Η
805 3480 821 3538 'l
839 3484 1057 3553 posterioremd
1078 3482 1092 3555 Η
1113 3485 1160 3556 qui
1177 3488 1226 3537 ΑΡ
1244 3483 1256 3555 Η

158 3584 228 3639 quae
251 3559 365 3621 Voltisne
403 3567 416 3638 Η
453 3571 656 3638 9proecedurtt
676 3573 764 3623 Geron.
783 3586 808 3620 u.
820 3575 971 3624 313-320
995 3569 1008 3642 Η
1035 3573 1070 3628 10
1089 3573 1148 3625 Cot.
1164 3567 1259 3622 XXIX
1333 3618 1337 3625 ,

159 3660 227 3724 Hyy.
241 3660 268 3711 P.
283 3659 312 3707 Δ.
327 3658 503 3721 1111111111
527 3654 541 3726 Η
568 3671 638 3726 quae
656 3658 705 3706 ΑΡ
721 3659 839 3708 corrosit
859 3675 871 3710 ε
892 3656 905 3729 Η
930 3658 1060 3729 cyooples
1079 3663 1102 3710 P
1119 3656 1133 3730 Η
1153 3659 1186 3712 11
1206 3655 1256 3711 lul·

159 3744 271 3796 memrl
301 3739 314 3812 Η
339 3742 516 3813 aescolepius
535 3747 558 3794 P
580 3739 593 3812 Η
619 3741 653 3796 13
670 3740 877 3811 relinquisseA
907 3742 921 3815 Η
949 3745 984 3798 14
1002 3742 1096 3797 dqu
1123 3745 1136 3817 Η
1161 3763 1183 3797 11
1203 3748 1225 3796 P
1243 3743 1257 3817 Η

158 3832 192 3886 16
213 3833 273 3882 (lot.
288 3832 369 3882 XXX
380 3835 449 3898 qu.
463 3834 491 3887 P.
504 3833 537 3885 Δ.
553 3834 585 3880 11
598 3832 730 3881 1611116
750 3831 875 3884 Locrum.
889 3835 1006 3900 defalta
1024 3835 1073 3883 rel.
1090 3835 1106 3882 1
1120 3840 1160 3897 11,
1170 3840 1204 3884 61
1222 3837 1257 3902 ⁶l·

159 3919 253 3970 Philet.
268 3921 402 3970 11111665
420 3916 433 3988 Η
454 3917 627 3989 ganimedem
644 3920 667 3969 Δ
688 3913 702 3988 Η
721 3909 921 3990 gamnimedsm
939 3924 962 3971 P
983 3916 996 3988 Η
1021 3919 1055 3974 19
1073 3917 1257 3987 Aglosthenis
1424 3958 1437 4021 ἦ

158 4008 180 4055 Α
202 4004 215 4072 Η
235 4003 417 4073 Aglosthsms
433 4008 456 4056 P
474 4002 487 4075 Η
506 4005 602 4060 Iouem
615 4008 662 4057 ΔΡ
679 4002 693 4075 Η
712 4002 789 4059 Iouis
807 4009 902 4073 scripsi
920 4010 973 4059 sisi
991 4011 1063 4074 forte
1082 4006 1129 4058 tor
1148 4010 1203 4058 loeo
1222 4025 1258 4059 ea
1272 3988 1280 4075 l¹
1302 3978 1346 4085 A}
1370 3984 1397 4095 [ξ
1411 4040 1461 4095 <4
1476 4002 1504 4085 ,Ξ

160 4092 358 4146 connixu
383 4095 511 4160 quaedam
530 4096 660 4146 eaoidtsse
679 4094 848 4145 statuendum
866 4103 907 4145 eat
939 4091 952 4164 Η
967 4093 1019 4149 ’20
1041 4108 1113 4147 naxo
1134 4111 1203 4146 corr.
1222 4084 1308 4146 emf'
1388 4104 1393 4123 ’
1422 4094 1426 4099 ’

158 4181 226 4231 nata
244 4184 265 4229 P
282 4177 296 4248 Η
315 4179 420 4234 titanas
440 4196 501 4235 oum
519 4178 741 4251 proficisceretur
759 4182 780 4230 P
798 4178 811 4249 Η
831 4180 865 4237 21
883 4180 993 4235 homino
1012 4184 1034 4232 A
1055 4178 1070 4251 Η
1090 4179 1180 4234 animo
1199 4183 1222 4230 P
1240 4177 1255 4248 Η

160 4264 250 4318 omino
263 4267 384 4334 Polliae,
403 4268 466 4319 leot
479 4271 533 4319 osio
547 4282 581 4321 oo
598 4282 649 4337 pro
667 4265 741 4320 bono
759 4267 850 4321 omine
867 4270 1004 4337 leyeodom
1016 4270 1053 4319 stt
1072 4265 1085 4336 Η
1105 4266 1140 4321 22
1157 4264 1255 4320 tutelle

160 4354 183 4403 Δ
204 4349 218 4421 Η
237 4350 298 4416 teis
316 4355 339 4402 Ρ
355 4350 369 4421 ΙΙ
1221 4376 1223 4381 ·
