3254 5202
629 523 862 592 -159-

197 698 272 762 dam
299 696 396 762 habet
421 694 523 760 ueluti
552 695 663 780 satyri.
714 695 883 761 Sositheus
913 698 1034 778 autem,
1063 692 1346 773 tragoediarum&

197 807 347 892 scriptor,
369 805 460 870 illum
483 803 622 869 affirmat
644 803 884 882 esse,0rotum‚
905 802 1119 885 Eusebemus,
1142 802 1305 868 Musarum

200 916 345 1000 nutricis,
368 915 466 979 filium
483 920 516 980 et
529 914 730 979 inhabitasse
745 914 910 990 Helicona,
934 912 988 995 qui
1003 911 1128 996 sagittis
1143 918 1174 977 et
1189 917 1307 977 uenatu

197 1024 298 1090 uitam
320 1024 473 1106 exigeret.
498 1030 529 1088 et
549 1024 637 1088 inter·
646 1024 756 1087 Musas
779 1024 908 1106 saepius
931 1026 1074 1087 moratus
1095 1021 1211 1107 plausu
1234 1041 1307 1086 ean·

195 1138 248 1198 tus
264 1153 373 1198 earum
389 1133 615 1218 distinguebat,
639 1134 673 1197 id
694 1138 744 1199 est
765 1133 807 1196 ad
829 1133 946 1216 pedem
957 1132 1105 1197 manibus
1119 1131 1303 1215 plaudebat,
1331 1153 1343 1190 a

195 1244 308 1325 tquem
337 1242 392 1306 alii
418 1242 576 1307 timerent.
610 1241 694 1307 hunc
715 1243 827 1307 Musae
855 1240 1011 1308 beneficio
1034 1242 1121 1306 louis
1142 1241 1235 1306 astris
1257 1240 1304 1306 in·

194 1352 307 1417 tulere.
329 1350 420 1415 cuius
444 1356 542 1434 artes,
565 1351 599 1416 id
623 1357 672 1417 est
694 1351 839 1435 plausus·
852 1354 883 1415 et
904 1349 1041 1432 sagittae
1055 1351 1140 1416 inter
1154 1351 1305 1417 mortales

80 1489 84 1499 s
195 1480 352 1526 mansere.
395 1461 547 1542 Nigidius
577 1461 617 1526 de
640 1462 738 1526 Crete
762 1461 875 1526 eadem
898 1460 984 1538 dicit,
1006 1459 1064 1526 sed
1086 1480 1150 1524 non
1173 1480 1305 1526 conuer-

196 1574 300 1634 satum
322 1589 394 1633 cum
416 1570 527 1655 Musis,
549 1572 608 1636 sed
630 1572 706 1637 dum
729 1572 806 1636 illae
829 1576 940 1637 oanbrs
962 1568 1141 1652 chorosque
1162 1568 1303 1634 celebra—

195 1683 280 1757 rent,
309 1677 401 1743 hunc
421 1681 533 1766 procul
560 1681 704 1746 abditum
725 1680 894 1765 repentino
915 1679 1031 1764 plausu
1053 1678 1096 1743 ad
1117 1678 1234 1762 pedem
1255 1679 1304 1744 fe·
1319 1677 1344 1738 io

196 1788 328 1854 rientem
351 1789 512 1856 oblectare
535 1797 697 1857 canentes.
732 1791 773 1856 ob
799 1789 861 1854 hoc
884 1808 957 1854 eum
980 1789 1022 1852 ab
1042 1789 1120 1853 loue
1141 1787 1307 1854 inmortali

195 1899 350 1964 memoria
377 1919 486 1964 earum
515 1905 630 1982 rogatu
659 1900 829 1977 donatum,
857 1899 943 1982 quod
958 1897 1031 1986 [et]
1060 1903 1147 1964 esset
1171 1897 1304 1963 nutricis

195 2027 306 2072 earum
333 2007 431 2093 filius,
458 2009 492 2073 id
520 2016 569 2075 est
591 2010 711 2077 Oceani
741 2029 854 2094 nepos.
888 2007 988 2074 habet
1009 2013 1117 2074 autem
1139 2008 1249 2073 stellas
1269 2006 1303 2072 in

196 2116 300 2200 capite
314 2140 347 2201 rr,
371 2118 404 2181 in
426 2138 502 2183 arcu
516 2142 550 2199 11,
572 2120 606 2185 in
628 2119 776 2184 acumine
798 2118 938 2200 sagittae
959 2141 993 2196 rr,
1015 2118 1049 2182 in
1064 2117 1177 2184 dextro
1195 2118 1301 2184 cubito

196 2249 219 2310 r,
251 2227 285 2291 in
308 2227 421 2293 eadem
444 2248 542 2293 manu
566 2252 592 2307 r,
624 2229 658 2292 in
680 2234 792 2293 uentre
814 2228 934 2292 claram
955 2251 981 2306 r,
1004 2228 1037 2292 in
1060 2228 1152 2312 spina
1174 2252 1212 2305 rr,
1242 2229 1301 2293 sub
1316 2247 1340 2286 rs

194 2336 296 2404 cauda
319 2361 353 2416 rr,
376 2338 409 2402 in
432 2332 646 2404 anterioribus
670 2337 985 2460 mnibuffisingulas.
1020 2343 1093 2401 sunt
1116 2358 1226 2404 omnes
1248 2361 1301 2401 xv.

193 2447 337 2529 reliquae
360 2467 439 2511 uero
454 2469 501 2509 vn
524 2447 584 2523 sub
607 2447 749 2511 cruribus
772 2446 891 2510 srmiles
914 2443 1044 2526 quidem
1060 2451 1134 2510 suut
1147 2447 1301 2528 posterio-
1376 2482 1380 2491 ι

192 2557 262 2635 bus,
286 2576 371 2644 quae
394 2576 457 2619 nou
481 2555 701 2633 ostenduntur,
726 2553 813 2636 quod
835 2558 1006 2617 centaurus
1029 2554 1148 2638 duplex
1171 2554 1222 2619 sit.
1255 2555 1302 2619 ia—

193 2666 298 2729 culum
315 2670 421 2729 autem
444 2669 501 2749 est,
525 2684 588 2746 quo
611 2664 722 2729 dicunt
744 2682 854 2727 omnes
877 2681 1000 2748 cygnos
1023 2664 1065 2727 ab
1084 2663 1233 2746 Apolline
1254 2663 1301 2728 in·

192 2840 281 2915 gant,
304 2835 447 2901 dicentes
462 2854 634 2917 numquam
650 2834 827 2899 Centauros
843 2833 979 2915 sagittas
1000 2854 1076 2899 usos
1098 2832 1207 2899 fuisse.
1241 2833 1339 2900 soe

169 2943 314 3009 ·sitheus
336 2950 441 3009 autem
463 2944 553 3008 illum
576 2943 724 3008 adfirmat
745 2943 845 3006 filium
867 2942 1030 3031 Musarum
1058 2943 1168 3008 tuisse.
1203 2942 1301 3008 habet

193 3052 303 3118 stellas
323 3054 357 3118 in
379 3054 484 3139 capite
506 3048 597 3093 Η*

227 3226 242 3279 1
262 3223 449 3293 tragediarum
474 3228 497 3277 V
519 3223 532 3295 Η
558 3226 576 3280 2
595 3227 690 3278 cretus
709 3226 729 3274 8
754 3221 767 3294 Η
793 3223 955 3277 corthonem
978 3229 1000 3277 V
1024 3222 1039 3295 Η
1064 3225 1220 3280 euschemis
1243 3223 1339 3297 1Η8

192 3312 210 3366 3
228 3310 301 3364 filius
321 3317 342 3363 8
362 3310 375 3380 Η
396 3311 514 3381 helycon
534 3315 554 3363 8
580 3309 594 3381 Η
619 3310 776 3365 heliconem
800 3316 821 3362 V
845 3310 859 3380 Η
884 3314 969 3380 atque
989 3311 1124 3380 sagittazl
1143 3316 1163 3362 8
1183 3311 1198 3385 Η
1217 3316 1301 3382 atque

192 3397 305 3465 sagittis
325 3402 354 3452 et
377 3402 398 3451 V
418 3397 432 3470 Η
452 3399 500 3469 qui
518 3398 632 3467 sagittis
651 3401 681 3451 et
698 3401 796 3465 scripsi
816 3395 830 3467 Η
850 3396 868 3452 4
887 3398 1017 3468 exegisse
1041 3402 1064 3451 V
1081 3398 1096 3470 Η
1116 3416 1135 3469 q
1152 3399 1226 3453 inter
1246 3404 1268 3452 V
1287 3400 1301 3470 Η

190 3484 312 3537 moit⁹s
341 3484 356 3556 Η
384 3489 570 3539 commoratus
594 3490 616 3538 V
640 3484 653 3555 Η
683 3490 817 3538 eorums
842 3482 855 3555 Η
885 3488 976 3554 6quo
1001 3488 1023 3554 V
1046 3484 1058 3555 Η
1086 3485 1261 3540 benefitios
1286 3486 1300 3556 Η

191 3571 302 3625 lantes
322 3569 347 3640 ·Ι·
369 3570 486 3641 plausus
505 3576 526 3624 8
552 3571 566 3639 Η
590 3575 666 3624 artos
686 3571 760 3623 idem
778 3571 894 3640 plausus
918 3577 940 3625 V
959 3572 972 3640 Η
998 3573 1103 3639 sagitta
1122 3575 1142 3622 8
1162 3570 1175 3641 Η
1195 3572 1300 3641 sagitte

196 3663 218 3711 V
236 3656 250 3729 Η
270 3661 288 3714 8
307 3660 422 3712 cotronc
442 3661 490 3709 SV
513 3655 528 3727 Η
553 3659 588 3712 10
606 3656 731 3710 auditum
748 3660 798 3709 SV
816 3656 830 3727 Η
850 3656 977 3711 feriendo
1001 3663 1023 3708 V
1046 3657 1060 3726 Η
1086 3659 1118 3710 11
1138 3656 1302 3711 oblectabat

192 3743 244 3816 8Η
270 3744 297 3797 ei
315 3744 391 3797 abS
418 3742 431 3813 Η
458 3758 520 3796 cum
540 3759 557 3795 a
579 3746 600 3794 V
624 3742 636 3814 Η
662 3743 811 3796 immortali
834 3748 855 3795 V
878 3742 892 3813 Η
918 3744 952 3797 12
971 3741 1065 3796 datum
1085 3748 1105 3794 8
1126 3741 1140 3814 Η
1164 3747 1194 3797 et
1211 3748 1302 3797 om.V

190 3835 279 3884 deleat
298 3827 308 3871 Η
325 3828 349 3900 Η·
370 3829 503 3884 oceanis
523 3826 536 3898 Η
558 3829 592 3883 13
610 3826 684 3881 idem
704 3828 821 3881 occeani
838 3833 859 3880 V
878 3826 891 3898 Η
913 3830 947 3883 14
964 3829 1093 3883 cubitus
1113 3829 1127 3901 Η
1141 3832 1181 3912 ,17
1200 3831 1301 3885 subtus

189 3945 244 3995 sr-
257 3938 271 4012 Η
292 3941 344 3996 suo
363 3943 462 4008 sorren
482 3938 495 4008 Η
520 3953 600 3993 crura
622 3943 644 3991 r
667 3938 681 4010 Η
707 3938 894 4008 eutramnus
914 3941 1056 4012 sunerp
1082 3945 1117 3998 rs
1134 3917 1153 4013 Η
1170 3946 1191 3994 s
1213 3940 1225 4013 Η
1246 3958 1299 4013 qus
1338 3980 1341 3985 ⁴

195 4032 216 4079 V
234 4028 249 4100 Η
269 4029 308 4082 sit
326 4047 376 4081 om.
395 4033 417 4081 V
436 4026 450 4097 Η
475 4028 508 4081 19
527 4042 563 4079 ex
581 4042 636 4096 quo
656 4030 703 4078 SV
722 4024 735 4097 Η
756 4030 802 4080 est
819 4030 917 4094 scripsi
938 4026 953 4097 Η
972 4043 1077 4098 cygnos
1097 4033 1145 4082 SV
1166 4031 1178 4099 Η
1200 4030 1299 4098 Cyclo·

190 4128 242 4181 1³³⁵
261 4116 276 4164 l
297 4113 310 4185 ll
420 4184 424 4187 .

224 4225 260 4280 20
272 4229 400 4283 connum
418 4222 538 4279 Gdffdfl
559 4223 572 4294 Η
593 4230 742 4281 centauros
757 4224 807 4280 ΟΜ
820 4225 834 4297 Η
848 4227 961 4296 sagittis
976 4226 1054 4281 (³⁶6⁶
1068 4224 1082 4299 Η
1096 4243 1143 4285 usa
1163 4225 1270 4281 6110οῡ
1284 4226 1297 4297 Η
1313 4229 1337 4277 G

188 4309 223 4363 21
242 4309 318 4365 illum
338 4311 467 4367 adfirmat
484 4309 569 4367 filium
587 4310 665 4366 illurn
685 4312 778 4368 &⁰6⁶¹
797 4312 812 4384 Η
832 4318 949 4368 alteram
967 4311 1045 4367 illum
1063 4316 1165 4365 deleat!
1185 4311 1235 4366 6¹⁶²
1253 4310 1267 4383 Η
