3254 5202
821 549 865 561 ..
906 513 949 581 94
987 495 1033 563 '...

381 686 512 766 apparet
538 680 640 750 stellis
659 683 811 768 figuratus
833 706 900 748 vm.
930 681 1050 750 Orion
1071 681 1166 748 habet
1186 681 1296 748 stellas
1317 680 1350 746 in
1373 682 1476 766 eapite

380 814 416 854 111
437 792 552 870 alares,
574 792 608 858 iu
630 793 764 876 singulis
786 793 903 858 umeris
926 793 1067 876 singulas
1090 793 1204 873 olaras,
1233 796 1267 859 ia
1289 791 1400 857 dextro
1424 812 1476 857 ou-

379 901 444 967 bito
466 925 478 965 ι
499 902 676 983 obeuntem,
697 903 731 968 iu
752 903 823 987 ipsa
844 922 939 967 manu
954 926 975 983 1,
997 903 1031 967 in
1053 903 1157 969 balteo
1180 926 1226 988 111,
1248 902 1282 967 in
1303 901 1477 968 euchiridio

379 1036 416 1076 111
436 1013 556 1097 oleras,
584 1013 617 1077 iu
639 1012 773 1095 genibus
795 1012 937 1097 singulas
959 1013 1074 1091 alares,
1105 1012 1139 1077 iu
1164 1012 1300 1097 pedibus
1323 1013 1476 1095 singulas.

355 1122 458 1187 stiunt
479 1145 557 1187 xvrr.
591 1122 642 1187 tut
667 1123 745 1206 iuga
766 1146 790 1186 ιι
815 1128 849 1187 et
877 1128 979 1188 ternos
999 1146 1024 1186 11
1051 1122 1196 1205 singulas
1224 1123 1338 1189 oleras.
1369 1142 1479 1188 omnes

379 1232 523 1316 reliquae
543 1256 566 1297 x
595 1233 708 1300 sudas
738 1233 947 1299 obscuriores.
977 1234 1056 1298 fiunt
1083 1234 1194 1299 stellae
1216 1255 1293 1296 xvrr.
1329 1237 1479 1298 aeternae

267 1404 269 1409 ,
379 1343 536 1409 balteus
559 1343 626 1409 eius
648 1349 679 1408 et
700 1343 855 1428 gladius
877 1363 949 1411 esse
971 1344 1200 1410 existimantur.

464 1454 544 1520 Cum
564 1453 667 1536 tetigit
692 1452 780 1541 solis]

465 1564 558 1629 Hune
586 1562 694 1628 dieunt
720 1565 883 1630 custodem
912 1563 1019 1629 datum
1041 1564 1193 1648 Europae
1218 1583 1285 1629 una
1314 1582 1385 1628 eum
1407 1563 1480 1628 dra-

343 1698 368 1736 ιο
381 1692 468 1739 eone.
498 1693 582 1755 quae
604 1678 738 1756 utraque
759 1678 873 1759 postea
893 1675 997 1740 Minos
1018 1674 1148 1760 aeoepit
1171 1672 1285 1740 eadem
1306 1680 1417 1758 postea
1438 1673 1479 1739 ob

380 1782 569 1850 medisinam
588 1782 733 1850 Proetidi
747 1784 869 1850 muneri
891 1786 932 1851 ab
956 1805 995 1851 eo
1018 1784 1102 1863 data
1125 1802 1209 1866 quae
1231 1788 1344 1868 postea
1359 1783 1480 1867 Cepha-

379 1895 430 1960 lus
451 1899 586 1976 utraque
607 1895 795 1979 possederit,
817 1895 866 1960 uir
887 1894 1056 1961 Prooridia
1087 1913 1182 1976 quem
1204 1913 1276 1960 oum
1296 1892 1340 1958 ad
1354 1893 1481 1960 Thebas

380 2002 570 2070 adduxisset
584 2002 627 2069 ad
641 2003 779 2088 uulpem,
802 2024 884 2088 quae
899 2005 1123 2070 Thebanorum
1138 2024 1236 2086 agros
1252 2003 1426 2070 infestabat
1439 2040 1481 2051 -

380 2112 454 2179 huie
476 2113 559 2178 enim
581 2114 668 2179 eani
690 2112 749 2178 fuit
769 2113 876 2193 fatum,
898 2134 941 2181 ne
961 2115 1003 2180 ab
1025 2114 1090 2179 ullo
1112 2119 1222 2197 posset
1242 2114 1384 2193 interibi,
1405 2115 1481 2178 item

345 2248 369 2286 ιι
381 2220 441 2287 fuit
461 2229 494 2289 et
515 2223 603 2308 uulpi
623 2225 795 2308 -Iupiter
816 2225 945 2309 uulpem
967 2224 1000 2289 in
1022 2223 1160 2309 lapidem
1184 2226 1347 2305 conuertit
1370 2244 1482 2290 aunem

382 2332 416 2397 in
443 2333 526 2399 eseli
547 2333 642 2399 astris
665 2333 778 2399 intulit.
809 2333 899 2400 ouius
921 2339 1049 2401 exortus
1071 2333 1195 2416 origine
1217 2336 1393 2402 sentinetur
1414 2334 1481 2411 tali,

362 2449 415 2536 ,Ui
434 2443 633 2527 Amphianus
659 2444 896 2527 tragoediarum
918 2443 1051 2529 seriptor
1071 2443 1176 2510 refert.
1208 2465 1278 2510 eum
1300 2444 1403 2510 subito
1424 2442 1483 2507 ho·

380 2553 517 2619 minibus
537 2560 664 2639 segetes
683 2554 913 2638 delinquerent
936 2555 1021 2621 illioo
1045 2555 1161 2621 missus
1183 2556 1308 2639 legatus
1328 2554 1418 2620 mnis
1439 2552 1482 2617 ad

382 2664 530 2749 Operam.
551 2684 620 2730 oum
642 2665 723 2731 uidit
744 2685 783 2732 eo
805 2672 946 2751 tempore
968 2665 1188 2750 tempestiuam
1206 2684 1287 2743 esse,
1310 2661 1480 2730 adornauit

381 2829 396 2882 1
415 2827 540 2897 figuratis
559 2830 607 2879 ΑΡ
629 2825 633 2897 Ι
666 2827 799 2896 figuratus
818 2847 830 2881 ε
850 2827 864 2900 Η
889 2828 975 2883 Orion
993 2811 1131 2912 horione!
1157 2826 1169 2899 Η
1194 2830 1212 2884 2
1229 2827 1349 2881 humeris
1369 2832 1391 2878 Ρ
1414 2825 1427 2897 Η
1452 2826 1481 2879 in

378 2951 474 3002 addida·
494 2946 507 3020 Η
528 2947 626 3003 dextro
645 2949 758 3003 humero
776 2954 800 3002 P
822 2947 835 3019 Η
859 2949 996 3006 Bobseur
1014 2952 1035 3000 Δ
1056 2946 1069 3019 Η
1093 2927 1229 3002 birreos
1257 2946 1271 3020 Η
1294 2947 1407 3002 baltheo
1426 2952 1449 2999 P
1466 2946 1480 3016 Η

380 3034 536 3091 eahiridion
554 3038 600 3088 ΔΡ
617 3033 630 3108 Η
655 3035 808 3091 euchiridio
827 3053 840 3090 e
865 3035 878 3106 Η
903 3036 960 3093 4.5
979 3035 1096 3105 singulis
1115 3038 1179 3089 suut
1196 3053 1259 3089 xvrr
1278 3039 1301 3087 P
1323 3034 1338 3108 Η
1363 3034 1478 3104 singulis

381 3124 535 3194 singuluss
564 3124 576 3192 Η
605 3125 730 3180 5ιιιΔ
761 3122 773 3194 Η
803 3127 832 3177 et
850 3124 942 3192 iugum
960 3139 982 3172 11
1001 3126 1121 3176 ettemo
1140 3139 1193 3175 ιιε
1220 3120 1232 3193 Η
1262 3122 1402 3193 ssrelique
1422 3126 1443 3174 A
1466 3121 1479 3193 Η

381 3211 460 3282 reliq.
479 3216 502 3263 Ρ
523 3208 537 3281 Η
564 3209 726 3266 ibultheus
746 3216 769 3263 Ρ
792 3210 806 3281 Η
830 3213 1027 3278 8prueeeduat
1043 3214 1132 3264 Germ.
1145 3229 1170 3262 ιι.
1180 3218 1322 3264 &dd-860
1347 3209 1360 3280 Η
1385 3214 1402 3266 9
1422 3214 1481 3267 Cot.

382 3302 506 3351 xxxm
525 3302 869 3365 Hyp.P.A.113611134
888 3295 901 3368 Η
921 3296 1004 3351 Hune
1023 3301 1042 3352 ι’.
1056 3314 1077 3351 e.
1092 3316 1183 3350 eonem
1202 3295 1216 3369 Η
1237 3314 1340 3369 eurups
1354 3302 1375 3350 P
1393 3296 1407 3369 Η
1427 3314 1482 3351 nna

381 3405 450 3439 corr.
470 3405 506 3438 ιιι
523 3401 577 3439 uno
597 3388 618 3436 Α
639 3383 651 3452 Η
672 3401 733 3438 oum
752 3383 872 3439 dracone
889 3382 957 3454 μετὰ
977 3385 1026 3437 τοῦ
1046 3381 1197 3452 δράκοντος
1215 3388 1355 3453 legebatur
1373 3390 1400 3438 io
1421 3388 1481 3438 Cot.

381 3482 444 3525 uate
457 3476 601 3542 Kopptersi
619 3475 827 3526 emendationem
846 3465 960 3531 isauros
980 3470 993 3542 Η
1014 3473 1046 3526 11
1066 3471 1301 3543 precridemuueri
1313 3478 1360 3526 ΑΡ
1378 3472 1391 3544 Η
1410 3473 1480 3529 Pro-

381 3560 451 3616 eridi
475 3563 588 3615 Velinus
607 3559 620 3632 Η
645 3559 778 3630 oephalus
798 3564 818 3611 Α
844 3559 858 3631 Η
883 3561 917 3615 12
935 3558 1089 3630 possiderit
1107 3564 1129 3611 Δ
1150 3570 1213 3612 reate
1232 3578 1300 3615 corr.
1318 3565 1342 3612 Ρ
1358 3558 1373 3632 Η
1393 3577 1481 3630 eumq.

381 3651 498 3705 athabas
519 3648 630 3715 (thebas
650 3648 686 3701 Αἱ
705 3658 773 3701 teste
787 3650 942 3716 Kieasla'up.)
961 3651 983 3699 A
1005 3646 1017 3717 Η
1039 3645 1178 3717 Cephalus
1197 3647 1233 3701 ad
1252 3647 1394 3702 Thebasa
1415 3647 1427 3717 Η
1447 3649 1482 3704 13

382 3738 612 3808 qudrhebunorum
630 3739 652 3787 P
670 3734 685 3804 Η
704 3736 739 3791 15
756 3735 849 3805 uulpis
862 3739 910 3787 ΑΡ
928 3732 941 3807 Η
960 3734 1038 3806 uulpi
1050 3753 1144 3802 apogr.
1156 3738 1249 3787 Heius.
1262 3754 1306 3803 erp.
1320 3735 1480 3788 Sobuubueb.

381 3827 752 3894 prey.Meiuiup.1832p.4
770 3822 783 3889 Η
807 3823 933 3893 Iuppiter
952 3828 973 3874 Ρ
992 3820 1005 3894 Η
1025 3823 1059 3877 16
1078 3822 1157 3876 caelo
1176 3821 1204 3876 in
1222 3822 1306 3875 astris
1325 3825 1347 3874 Α
1368 3820 1382 3892 Η
1403 3821 1481 3875 caelo

382 3912 466 3966 astris
485 3917 507 3964 P
529 3910 542 3983 Η
568 3910 640 3963 caeli
658 3909 741 3963 astris
759 3914 856 3979 scripsi
881 3908 894 3980 Η
920 3909 999 3964 eaelo
1018 3910 1101 3962 astris
1121 3927 1133 3962 ε
1158 3907 1171 3979 Η
1197 3909 1274 3979 origo
1293 3915 1314 3961 Ρ
1333 3908 1346 3981 Η
1372 3912 1405 3966 17
1424 3925 1481 3962 am-

380 4000 473 4071 phiem
491 4003 538 4051 ΑΡ
557 3998 570 4070 Η
589 3998 770 4068 Amphyunus
794 3999 855 4051 Vre.
879 4001 913 4066 cf.
932 3998 1053 4049 Meiaeke
1073 4015 1137 4049 eom.
1156 4014 1196 4063 pr.
1215 3998 1480 4050 Hieronesos.

380 4107 407 4156 p.
420 4096 474 4141 4⁰4
492 4085 506 4158 Η
525 4086 667 4156 Amphion
685 4104 697 4138 ε
718 4083 731 4156 Η
758 4085 810 4139 sub
829 4083 985 4139 hominibus
1004 4083 1103 4137 stellae
1122 4083 1310 4154 relinquerent
1327 4084 1419 4138 locum
1437 4086 1484 4136 ΑΡ

382 4172 396 4244 Η
417 4174 510 4228 subito
528 4172 685 4227 hominibus
699 4176 813 4241 segetes
826 4170 1027 4240 delinquerent,
1045 4170 1122 4224 illico
1140 4175 1237 4239 scripse·
1255 4176 1289 4239 cf.
1302 4190 1393 4239 propr.
1404 4176 1481 4223 Peos.

381 4271 437 4330 pa
456 4260 469 4331 Η
490 4263 524 4316 19
542 4260 666 4315 dolorem
676 4277 744 4313 corr.
755 4276 790 4311 eu
802 4257 925 4312 dolorem
937 4260 959 4308 Α
981 4246 995 4328 Η
1016 4256 1139 4312 dolorem
1150 4263 1174 4310 P
1192 4255 1205 4329 Η
1226 4258 1347 4330 Operam
1365 4259 1481 4313 Meiuela

385 4352 423 4418 fr.
436 4367 501 4403 eom.
513 4367 555 4417 pr.
567 4352 612 4401 111
627 4353 681 4400 uso
699 4345 713 4417 Η
732 4344 928 4416 tempestiuam
945 4363 1014 4399 eom.
1027 4361 1063 4398 eu
1080 4344 1271 4417 temptatiuem
1288 4350 1312 4420 P
1329 4345 1342 4417 Η
