3202 5200
623 503 672 543 ,-
715 469 777 535 183
820 506 862 517 -

188 644 286 710 insui
302 649 406 708 motus
422 638 668 722 inuestigatione
683 637 813 710 faoiunt,
837 658 909 703 oum
924 638 1082 703 interdum
1097 639 1130 702 in
1147 640 1299 717 austrum,
1315 642 1341 708 S

187 752 347 818 interdum
371 752 404 813 in
428 749 684 832 septentrionem,
707 748 895 831 plerumque
911 753 1021 811 eontra
1036 747 1199 832 mundum,
1222 769 1298 813 non-

188 881 360 942 numquam
388 881 459 925 eum
486 856 604 921 mundo
632 856 787 921 feruntur.
822 856 881 920 sed
908 877 947 920 ex
969 856 1019 920 his
1042 856 1175 921 duorum
1199 858 1299 921 maxi-

190 990 313 1034 morum
336 968 475 1034 siderum
494 966 671 1030 rationibus
687 965 730 1029 ad
752 971 877 1047 tempus
893 965 1002 1030 dilatis
1018 973 1193 1031 ceterorum
1210 967 1298 1048 quin-

189 1099 252 1161 que
274 1096 386 1143 oursus
409 1083 441 1142 et
463 1076 593 1140 nomina
615 1080 646 1140 et
668 1074 796 1139 ordines
821 1075 1025 1156 explicemus.
1213 1058 1215 1061 ⁵
1324 1094 1335 1129 ⁵

274 1188 437 1251 Summum
472 1186 567 1269 igitur
601 1186 802 1268 planetarum
833 1172 960 1247 Saturni
992 1183 1082 1248 sidus
1113 1190 1174 1263 est,
1211 1182 1298 1265 quod

191 1316 306 1378 graeoe
322 1296 486 1378 Phaenou,
509 1293 543 1356 id
567 1299 614 1358 est
636 1314 794 1377 apparens
809 1294 934 1374 igneus,
951 1293 1073 1377 dioitm,
1097 1294 1202 1358 colore
1224 1314 1298 1357 oan-

191 1400 310 1483 didum,
333 1412 448 1470 natura
470 1404 622 1487 gelidum.
646 1402 720 1466 ideo
743 1402 870 1468 trieenis
891 1402 1053 1468 mensibus
1075 1402 1210 1483 singulis
1233 1403 1297 1483 sig·
1357 1460 1363 1467 ‚

187 1517 237 1581 nis
260 1515 400 1592 recurrit,
423 1533 482 1596 per
496 1512 631 1594 triginta
653 1533 757 1577 annos
773 1510 958 1592 signiferum
977 1511 1157 1594 pertransit.
1180 1510 1298 1595 frigida

188 1631 219 1690 et
241 1625 371 1707 sterilis,
400 1621 572 1686 infeeunda
593 1616 699 1698 te'rris,
722 1619 927 1685 nascentibus
950 1640 1013 1684 nou
1036 1620 1198 1698 salutaris,
1222 1620 1297 1684 facit
1311 1639 1335 1676 10

186 1733 326 1800 aduersa
348 1733 497 1797 diuturna
519 1749 579 1793 nee
602 1730 716 1794 subita.
753 1749 849 1811 quam
880 1729 1010 1812 quidam
1032 1726 1296 1813 philosophorum

187 1844 296 1906 dieunt
317 1843 496 1923 ingressam
519 1840 563 1902 nil
586 1858 714 1918 nocere,
743 1839 963 1921 retrogradam
990 1860 1061 1905 esse
1082 1839 1296 1923 perieulosam

188 1957 221 2015 et
240 1951 316 2029 inde
332 1950 449 2034 dieunt,
473 1949 596 2015 habere
612 1950 780 2013 Saturnum
797 1948 911 2013 falcem
934 1949 967 2011 in
989 1949 1100 2033 tutela,
1125 1948 1199 2030 quia
1213 1947 1296 2011 falee

187 2064 332 2143 protenta
362 2059 409 2123 nil
436 2059 536 2139 ualet,
570 2062 654 2123 retro
683 2077 760 2122 uero
788 2062 864 2122 aeta
890 2057 1041 2139 quiequid
1069 2058 1099 2147 ei
1124 2056 1296 2123 ooeurrer‘t

188 2175 284 2234 secat.
1310 2187 1332 2223 15

270 2280 358 2345 Iouis
381 2279 485 2357 stella,
509 2296 594 2359 quae
616 2262 733 2358 graece
748 2275 924 2354 Phaethon,
947 2276 981 2339 id
1003 2284 1052 2342 est
1067 2278 1225 2356 †ueniens,
1248 2275 1298 2338 dis

187 2392 276 2473 eitur,
299 2389 333 2451 in
355 2386 490 2471 singulis
512 2386 612 2469 signis
634 2404 719 2448 anno
741 2390 858 2462 manet,
882 2385 1032 2466 signifero
1048 2385 1217 2449 duodecim
1239 2405 1296 2448 an-

186 2500 236 2562 nis
272 2496 394 2573 euadit,
429 2494 580 2559 salutaris
614 2499 645 2558 et
679 2495 856 2574 temperata
889 2497 920 2555 et
953 2492 1112 2558 uniuersis
1146 2493 1295 2558 euntibus

183 2624 350 2691 prospera.

237 2692 239 2697 ’
270 2711 381 2777 Martis
404 2712 512 2789 stella,
538 2728 625 2793 ‚quae
648 2728 765 2792 graeee
788 2709 914 2793 Pyrois,
944 2709 978 2772 id
1000 2716 1049 2775 est
1070 2711 1198 2796 igneus,
1229 2732 1293 2776 non
1306 2731 1332 2769 20

187 2822 301 2887 eodem
324 2822 428 2905 spatio
452 2820 553 2902 signis
575 2819 710 2901 singulis
732 2817 851 2885 haeret.
880 2819 1067 2902 signiferum
1090 2842 1205 2888 nouem
1227 2823 1294 2888 fere

186 2915 280 2996 annis
309 2936 515 3014 perungatur.
554 2930 650 3014 ignea
676 2930 888 3014 intemperata
914 2938 945 2995 et
970 2931 1004 2994 in
1019 2930 1176 3001 ,aduersis
1204 2937 1236 2997 et
1261 2933 1295 2995 in

186 3041 374 3107 mortalibus
396 3039 502 3105 subita
522 3040 577 3104 uel
597 3039 669 3104 ferit
689 3041 863 3124 repentinis
884 3041 1003 3106 morbis
1025 3042 1076 3105 uei
1098 3040 1180 3105 ferro
1195 3041 1295 3124 punit.

271 3150 381 3215 Venus
403 3150 513 3229 stella,
547 3168 632 3232 quae
660 3169 777 3234 graeoe
798 3150 1008 3233 Phosphoron
1031 3150 1159 3234 dieitrn,
1186 3152 1220 3215 id
1247 3155 1295 3216 est
1336 3223 1340 3231 ,

184 3265 287 3329 luoem
309 3262 418 3327 ferens
439 3261 492 3325 uel
514 3258 618 3325 tsedis
639 3259 730 3328 lueis.
765 3280 837 3325 oum
860 3260 959 3324 solem
975 3259 1147 3345 praeeedit,
1169 3259 1293 3344 luoifer,
1307 3279 1333 3316 2⁵

186 3393 257 3437 eum
284 3390 362 3437 uero
389 3368 548 3452 sequitur,
580 3389 697 3454 uesper
731 3368 913 3452 appellatur
938 3373 970 3434 et
997 3390 1067 3434 eum
1097 3369 1211 3436 lucifer
1236 3377 1293 3447 est,

186 3571 201 3625 l
221 3566 438 3635 inuestigatione
459 3585 527 3623 corr.
541 3584 576 3619 ea
594 3566 841 3633 inuestigationem
861 3571 881 3618 S
901 3564 915 3636 Η
935 3566 1069 3619 fatiuntS
1090 3565 1103 3633 Η
1128 3565 1146 3619 4
1164 3563 1293 3634 syderum
1311 3575 1332 3623 s

185 3661 206 3713 S
227 3655 241 3726 Η
262 3655 395 3724 dylataS
416 3652 428 3721 Η
449 3654 466 3707 6
486 3652 625 3706 Summum
644 3652 739 3721 igitur]
759 3655 793 3718 ef.
813 3658 881 3706 Plio.
901 3672 927 3708 o.
941 3654 966 3705 h.
986 3657 1016 3703 ΙΙ
1026 3656 1063 3703 31
1075 3668 1132 3718 sqq.
1155 3652 1294 3705 Censorio.

184 3764 210 3812 p.
226 3752 260 3795 79
283 3743 360 3792 loto.
380 3744 457 3791 Burin
480 3741 611 3791 Venerat.
632 3744 725 3793 tomi
743 3757 769 3804 p.
785 3744 817 3788 13
838 3741 904 3788 eutr.
924 3741 1013 3789 Bostl.
1038 3736 1051 3806 Η
1084 3738 1169 3807 sydus
1189 3742 1210 3790 S
1236 3737 1248 3809 Η
1277 3756 1296 3808 q

185 3845 268 3899 grece
287 3828 445 3897 phenonam
464 3824 488 3896 Ἰ·
508 3829 529 3877 S
550 3822 562 3893 ΙΙ
585 3827 619 3880 10
632 3823 779 3879 stereliss
800 3821 813 3889 Η
835 3823 868 3875 11
888 3821 1018 3876 diurnas
1038 3824 1051 3894 Η
1073 3824 1201 3879 diuturne
1218 3827 1295 3877 Iota.

186 3925 200 3996 Η
221 3925 357 3996 1210218
378 3921 390 3992 Η
414 3923 447 3977 12
464 3914 602 3991 igressfim
622 3921 659 3986 (m
677 3921 757 3971 tosta
772 3919 922 3985 trurrsfiao)
940 3923 961 3972 S
982 3904 1081 3990 111118
1101 3920 1114 3992 Η
1134 3905 1215 3976 1411l
1235 3926 1256 3971 S
1279 3920 1294 3992 Η

186 4014 220 4067 16
237 4012 343 4081 pheton
361 4013 382 4062 S
403 4009 415 4079 Η
436 4010 552 4063 ueniens
571 4012 734 4075 Seapeetas
754 4007 850 4061 nitens
868 4010 911 4058 rie!
930 4011 1016 4060 similo
1030 4012 1092 4077 qaid
1112 4009 1126 4079 Η
1146 4011 1182 4065 20
1200 4009 1295 4079 piroys

188 4103 208 4149 s
226 4098 241 4167 Η
260 4100 294 4152 21
314 4098 410 4168 spacio
429 4101 450 4149 S
470 4095 483 4166 Η
505 4095 591 4150 hebet
608 4099 630 4147 S
649 4094 664 4165 Η
684 4096 782 4149 haeret
803 4094 940 4149 Censorio.
961 4093 975 4164 Η
999 4097 1034 4151 23
1052 4097 1126 4166 perit
1144 4101 1164 4148 S
1190 4095 1204 4165 Η
1231 4094 1296 4147 ferit

189 4186 295 4248 Carrio,
315 4203 349 4235 ηπ
362 4183 481 4254 perdit?
502 4184 514 4251 Η
535 4184 571 4238 24
589 4182 692 4236 dieitur
710 4181 734 4252 Ἰ·
754 4182 827 4235 idem
847 4179 883 4250 (Η
902 4185 931 4234 io
944 4186 1062 4249 morpioe
1076 4182 1150 4236 idem
1164 4184 1260 4248 cinips
1279 4177 1294 4249 Η

187 4269 251 4326 251
270 4270 346 4324 sedis
364 4269 435 4326 lueis
454 4275 475 4323 S
495 4269 591 4341 phele
610 4273 631 4322 S
651 4268 663 4340 Η
684 4272 720 4326 26
738 4269 883 4324 luciferum
902 4275 935 4322 ou
953 4267 989 4323 uo
1008 4272 1028 4321 s
1049 4267 1062 4341 Η
