<?xml version="1.0" encoding="UTF-8"?>
<!DOCTYPE html PUBLIC "-//W3C//DTD XHTML 1.0 Transitional//EN"
    "http://www.w3.org/TR/xhtml1/DTD/xhtml1-transitional.dtd">
<html xmlns="http://www.w3.org/1999/xhtml" xml:lang="en" lang="en">
 <head>
  <title>
</title>
<meta http-equiv="Content-Type" content="text/html;charset=utf-8" />
  <meta name='ocr-system' content='tesseract 3.04.00' />
  <meta name='ocr-capabilities' content='ocr_page ocr_carea ocr_par ocr_line ocrx_word'/>
</head>
<body>
  <div class='ocr_page' id='page_1' title='image "./germanicicaesar01breygoog_0011.png"; bbox 0 0 3252 5204; ppageno 0'>
   <div class='ocr_carea' id='block_1_1' title="bbox 224 628 1452 4376">
    <p class='ocr_par' dir='ltr' id='par_1_1' title="bbox 224 628 1412 2484">
     <span class='ocr_line' id='line_1_1' title="bbox 295 628 1407 716; baseline 0.002 -21"><span class='ocrx_word' id='word_1_1' title='bbox 295 631 500 716; x_wconf 80' lang='lat' dir='ltr'>hexagonum</span> <span class='ocrx_word' id='word_1_2' title='bbox 522 631 599 695; x_wconf 91' lang='lat' dir='ltr'>hina</span> <span class='ocrx_word' id='word_1_3' title='bbox 620 628 782 695; x_wconf 78' lang='lat' dir='ltr'>continent</span> <span class='ocrx_word' id='word_1_4' title='bbox 802 631 904 715; x_wconf 83' lang='lat' dir='ltr'>signa,</span> <span class='ocrx_word' id='word_1_5' title='bbox 927 630 1040 694; x_wconf 87' lang='lat' dir='ltr'>harum</span> <span class='ocrx_word' id='word_1_6' title='bbox 1064 636 1171 696; x_wconf 83' lang='lat' dir='ltr'>autem</span> <span class='ocrx_word' id='word_1_7' title='bbox 1193 650 1407 713; x_wconf 88' lang='lat' dir='ltr'>unaquaeque</span> 
     </span>
     <span class='ocr_line' id='line_1_2' title="bbox 294 746 1405 834; baseline -0.001 -20"><span class='ocrx_word' id='word_1_8' title='bbox 294 750 432 834; x_wconf 83' lang='lat' dir='ltr'>partium</span> <span class='ocrx_word' id='word_1_9' title='bbox 454 754 574 830; x_wconf 84' lang='lat' dir='ltr'>aequat</span> <span class='ocrx_word' id='word_1_10' title='bbox 594 747 717 812; x_wconf 87' lang='lat' dir='ltr'>radium</span> <span class='ocrx_word' id='word_1_11' title='bbox 741 746 864 827; x_wconf 82' lang='lat' dir='ltr'>circuli,</span> <span class='ocrx_word' id='word_1_12' title='bbox 888 748 921 811; x_wconf 92' lang='lat' dir='ltr'>id</span> <span class='ocrx_word' id='word_1_13' title='bbox 944 754 992 812; x_wconf 90' lang='lat' dir='ltr'>est</span> <span class='ocrx_word' id='word_1_14' title='bbox 1014 746 1172 833; x_wconf 81' lang='lat' dir='ltr'>signiferi,</span> <span class='ocrx_word' id='word_1_15' title='bbox 1202 749 1405 829; x_wconf 83' lang='lat' dir='ltr'>hexagonum</span> 
     </span>
     <span class='ocr_line' id='line_1_3' title="bbox 260 864 1406 948; baseline -0.002 -16"><span class='ocrx_word' id='word_1_16' title='bbox 260 890 264 898; x_wconf 93' lang='lat'>·</span> <span class='ocrx_word' id='word_1_17' title='bbox 296 866 589 948; x_wconf 88' lang='lat' dir='ltr'>circumcludentis,</span> <span class='ocrx_word' id='word_1_18' title='bbox 615 864 706 930; x_wconf 89' lang='lat' dir='ltr'>ouius</span> <span class='ocrx_word' id='word_1_19' title='bbox 728 869 869 930; x_wconf 77' lang='lat' dir='ltr'>nentrum</span> <span class='ocrx_word' id='word_1_20' title='bbox 894 872 942 931; x_wconf 86' lang='lat' dir='ltr'>est</span> <span class='ocrx_word' id='word_1_21' title='bbox 963 867 1069 931; x_wconf 87' lang='lat' dir='ltr'>tellus.</span> <span class='ocrx_word' id='word_1_22' title='bbox 1105 864 1184 931; x_wconf 84' lang='lat' dir='ltr'>haec</span> <span class='ocrx_word' id='word_1_23' title='bbox 1208 872 1257 931; x_wconf 90' lang='lat' dir='ltr'>est</span> <span class='ocrx_word' id='word_1_24' title='bbox 1279 866 1406 932; x_wconf 92' lang='lat' dir='ltr'>illorum</span> 
     </span>
     <span class='ocr_line' id='line_1_4' title="bbox 296 983 1406 1069; baseline -0.002 -19"><span class='ocrx_word' id='word_1_25' title='bbox 296 1005 445 1050; x_wconf 91' lang='lat' dir='ltr'>uersuum</span> <span class='ocrx_word' id='word_1_26' title='bbox 469 983 643 1066; x_wconf 87' lang='lat' dir='ltr'>sententia,</span> <span class='ocrx_word' id='word_1_27' title='bbox 676 1002 809 1065; x_wconf 90' lang='lat' dir='ltr'>quorum</span> <span class='ocrx_word' id='word_1_28' title='bbox 832 1003 951 1069; x_wconf 89' lang='lat' dir='ltr'>sermo,</span> <span class='ocrx_word' id='word_1_29' title='bbox 981 989 1016 1047; x_wconf 93' lang='lat' dir='ltr'>ut</span> <span class='ocrx_word' id='word_1_30' title='bbox 1038 985 1082 1047; x_wconf 89' lang='lat' dir='ltr'>ait</span> <span class='ocrx_word' id='word_1_31' title='bbox 1105 984 1243 1049; x_wconf 88' lang='lat' dir='ltr'>Orellius</span> <span class='ocrx_word' id='word_1_32' title='bbox 1266 984 1406 1051; x_wconf 86' lang='lat' dir='ltr'>Phaedri</span> 
     </span>
     <span class='ocr_line' id='line_1_5' title="bbox 295 1099 1407 1186; baseline -0.001 -19"><span class='ocrx_word' id='word_1_33' title='bbox 295 1101 362 1168; x_wconf 82' lang='lat' dir='ltr'>fab.</span> <span class='ocrx_word' id='word_1_34' title='bbox 378 1124 409 1186; x_wconf 90' lang='lat' dir='ltr'>p.</span> <span class='ocrx_word' id='word_1_35' title='bbox 425 1107 495 1178; x_wconf 83' lang='lat'>186,</span> <span class='ocrx_word' id='word_1_36' title='bbox 519 1100 617 1165; x_wconf 89' lang='lat' dir='ltr'>habet</span> <span class='ocrx_word' id='word_1_37' title='bbox 640 1100 780 1166; x_wconf 89' lang='lat' dir='ltr'>colorem</span> <span class='ocrx_word' id='word_1_38' title='bbox 803 1099 1041 1167; x_wconf 88' lang='lat' dir='ltr'>scholasticum.</span> <span class='ocrx_word' id='word_1_39' title='bbox 1073 1102 1247 1167; x_wconf 88' lang='lat' dir='ltr'>eorundem</span> <span class='ocrx_word' id='word_1_40' title='bbox 1270 1102 1407 1186; x_wconf 90' lang='lat' dir='ltr'>primum</span> 
     </span>
     <span class='ocr_line' id='line_1_6' title="bbox 224 1216 1407 1312; baseline -0.002 -26"><span class='ocrx_word' id='word_1_41' title='bbox 224 1306 228 1312; x_wconf 25' lang='grc' dir='ltr'>Ι</span> <span class='ocrx_word' id='word_1_42' title='bbox 296 1240 336 1286; x_wconf 84' lang='lat' dir='ltr'>ex</span> <span class='ocrx_word' id='word_1_43' title='bbox 350 1239 444 1285; x_wconf 90' lang='lat' dir='ltr'>uersu</span> <span class='ocrx_word' id='word_1_44' title='bbox 460 1222 524 1287; x_wconf 81' lang='grc'>413</span> <span class='ocrx_word' id='word_1_45' title='bbox 540 1216 722 1283; x_wconf 80' lang='lat' dir='ltr'>Germanici</span> <span class='ocrx_word' id='word_1_46' title='bbox 743 1216 881 1284; x_wconf 88' lang='lat' dir='ltr'>effictum</span> <span class='ocrx_word' id='word_1_47' title='bbox 898 1239 970 1286; x_wconf 90' lang='lat' dir='ltr'>esse</span> <span class='ocrx_word' id='word_1_48' title='bbox 991 1221 1074 1286; x_wconf 90' lang='lat' dir='ltr'>idem</span> <span class='ocrx_word' id='word_1_49' title='bbox 1093 1222 1242 1304; x_wconf 88' lang='lat' dir='ltr'>probauit</span> <span class='ocrx_word' id='word_1_50' title='bbox 1257 1219 1407 1297; x_wconf 87' lang='lat' dir='ltr'>Orellius,</span> 
     </span>
     <span class='ocr_line' id='line_1_7' title="bbox 296 1335 1406 1421; baseline 0.001 -20"><span class='ocrx_word' id='word_1_51' title='bbox 296 1338 424 1402; x_wconf 89' lang='lat' dir='ltr'>ultimus</span> <span class='ocrx_word' id='word_1_52' title='bbox 447 1356 539 1420; x_wconf 79' lang='lat' dir='ltr'>uero,</span> <span class='ocrx_word' id='word_1_53' title='bbox 569 1356 631 1419; x_wconf 90' lang='lat' dir='ltr'>quo</span> <span class='ocrx_word' id='word_1_54' title='bbox 655 1335 807 1400; x_wconf 85' lang='lat' dir='ltr'>doeemur</span> <span class='ocrx_word' id='word_1_55' title='bbox 829 1337 921 1402; x_wconf 89' lang='lat' dir='ltr'>caelo</span> <span class='ocrx_word' id='word_1_56' title='bbox 944 1343 1037 1403; x_wconf 90' lang='lat' dir='ltr'>tenus</span> <span class='ocrx_word' id='word_1_57' title='bbox 1064 1359 1122 1404; x_wconf 92' lang='lat' dir='ltr'>nos</span> <span class='ocrx_word' id='word_1_58' title='bbox 1146 1358 1275 1403; x_wconf 88' lang='lat' dir='ltr'>eernere</span> <span class='ocrx_word' id='word_1_59' title='bbox 1299 1356 1406 1421; x_wconf 86' lang='lat' dir='ltr'>posse,</span> 
     </span>
     <span class='ocr_line' id='line_1_8' title="bbox 296 1455 1409 1540; baseline -0.004 -18"><span class='ocrx_word' id='word_1_60' title='bbox 296 1462 345 1522; x_wconf 88' lang='lat' dir='ltr'>est</span> <span class='ocrx_word' id='word_1_61' title='bbox 366 1456 462 1540; x_wconf 85' lang='lat' dir='ltr'>plane</span> <span class='ocrx_word' id='word_1_62' title='bbox 484 1456 623 1538; x_wconf 87' lang='lat' dir='ltr'>ineptus.</span> <span class='ocrx_word' id='word_1_63' title='bbox 659 1472 739 1535; x_wconf 91' lang='lat' dir='ltr'>quos</span> <span class='ocrx_word' id='word_1_64' title='bbox 755 1474 866 1519; x_wconf 88' lang='lat' dir='ltr'>uersus</span> <span class='ocrx_word' id='word_1_65' title='bbox 883 1476 954 1521; x_wconf 93' lang='lat' dir='ltr'>cum</span> <span class='ocrx_word' id='word_1_66' title='bbox 969 1460 1050 1522; x_wconf 90' lang='lat' dir='ltr'>teste</span> <span class='ocrx_word' id='word_1_67' title='bbox 1065 1459 1192 1521; x_wconf 86' lang='lat' dir='ltr'>Hertzio</span> <span class='ocrx_word' id='word_1_68' title='bbox 1209 1455 1323 1520; x_wconf 85' lang='lat' dir='ltr'>eadem</span> <span class='ocrx_word' id='word_1_69' title='bbox 1344 1475 1409 1518; x_wconf 86' lang='lat' dir='ltr'>ma-</span> 
     </span>
     <span class='ocr_line' id='line_1_9' title="bbox 297 1571 1410 1658; baseline -0.003 -19"><span class='ocrx_word' id='word_1_70' title='bbox 297 1595 368 1658; x_wconf 80' lang='lat' dir='ltr'>nus,</span> <span class='ocrx_word' id='word_1_71' title='bbox 391 1593 476 1655; x_wconf 85' lang='lat' dir='ltr'>quae</span> <span class='ocrx_word' id='word_1_72' title='bbox 497 1579 603 1637; x_wconf 88' lang='lat' dir='ltr'>cetera</span> <span class='ocrx_word' id='word_1_73' title='bbox 618 1571 772 1651; x_wconf 80' lang='lat' dir='ltr'>exorauit,</span> <span class='ocrx_word' id='word_1_74' title='bbox 796 1573 1018 1656; x_wconf 87' lang='lat' dir='ltr'>antiquissimo</span> <span class='ocrx_word' id='word_1_75' title='bbox 1041 1573 1144 1640; x_wconf 90' lang='lat' dir='ltr'>codici</span> <span class='ocrx_word' id='word_1_76' title='bbox 1159 1573 1338 1641; x_wconf 86' lang='lat' dir='ltr'>Basileensi</span> <span class='ocrx_word' id='word_1_77' title='bbox 1355 1573 1410 1637; x_wconf 89' lang='lat' dir='ltr'>ad-</span> 
     </span>
     <span class='ocr_line' id='line_1_10' title="bbox 298 1690 1410 1774; baseline -0.002 -19"><span class='ocrx_word' id='word_1_78' title='bbox 298 1691 421 1757; x_wconf 82' lang='lat' dir='ltr'>didisse</span> <span class='ocrx_word' id='word_1_79' title='bbox 443 1691 603 1774; x_wconf 86' lang='lat' dir='ltr'>uideatur,</span> <span class='ocrx_word' id='word_1_80' title='bbox 631 1690 695 1755; x_wconf 86' lang='lat' dir='ltr'>iam</span> <span class='ocrx_word' id='word_1_81' title='bbox 725 1696 800 1755; x_wconf 91' lang='lat' dir='ltr'>ante</span> <span class='ocrx_word' id='word_1_82' title='bbox 822 1698 960 1757; x_wconf 87' lang='lat' dir='ltr'>aetatem</span> <span class='ocrx_word' id='word_1_83' title='bbox 982 1693 1180 1759; x_wconf 87' lang='lat' dir='ltr'>Basileensis</span> <span class='ocrx_word' id='word_1_84' title='bbox 1207 1694 1241 1757; x_wconf 95' lang='lat' dir='ltr'>id</span> <span class='ocrx_word' id='word_1_85' title='bbox 1265 1695 1410 1757; x_wconf 84' lang='lat' dir='ltr'>estante</span> 
     </span>
     <span class='ocr_line' id='line_1_11' title="bbox 297 1798 1409 1897; baseline -0.002 -23"><span class='ocrx_word' id='word_1_86' title='bbox 297 1830 416 1874; x_wconf 93' lang='lat' dir='ltr'>nonum</span> <span class='ocrx_word' id='word_1_87' title='bbox 433 1798 599 1874; x_wconf 77' lang='lat' dir='ltr'>saiculum</span> <span class='ocrx_word' id='word_1_88' title='bbox 614 1809 706 1874; x_wconf 92' lang='lat' dir='ltr'>huius</span> <span class='ocrx_word' id='word_1_89' title='bbox 722 1809 897 1894; x_wconf 86' lang='lat' dir='ltr'>archetypo</span> <span class='ocrx_word' id='word_1_90' title='bbox 913 1811 1049 1877; x_wconf 92' lang='lat' dir='ltr'>insertos</span> <span class='ocrx_word' id='word_1_91' title='bbox 1065 1831 1136 1877; x_wconf 89' lang='lat' dir='ltr'>esse</span> <span class='ocrx_word' id='word_1_92' title='bbox 1159 1830 1286 1897; x_wconf 81' lang='lat' dir='ltr'>censeo.</span> <span class='ocrx_word' id='word_1_93' title='bbox 1316 1828 1409 1892; x_wconf 86' lang='lat' dir='ltr'>aper-</span> 
     </span>
     <span class='ocr_line' id='line_1_12' title="bbox 296 1927 1412 2023; baseline -0.001 -31"><span class='ocrx_word' id='word_1_94' title='bbox 296 1928 361 1992; x_wconf 85' lang='lat' dir='ltr'>tius</span> <span class='ocrx_word' id='word_1_95' title='bbox 384 1932 489 1992; x_wconf 83' lang='lat' dir='ltr'>autem</span> <span class='ocrx_word' id='word_1_96' title='bbox 511 1933 702 1993; x_wconf 86' lang='lat' dir='ltr'>uetustatem</span> <span class='ocrx_word' id='word_1_97' title='bbox 717 1927 777 1990; x_wconf 83' lang='lat' dir='ltr'>fert</span> <span class='ocrx_word' id='word_1_98' title='bbox 792 1928 894 2023; x_wconf 83' lang='lat' dir='ltr'>altera</span> <span class='ocrx_word' id='word_1_99' title='bbox 909 1929 1123 2013; x_wconf 86' lang='lat' dir='ltr'>interpolatio,</span> <span class='ocrx_word' id='word_1_100' title='bbox 1147 1949 1244 2010; x_wconf 84' lang='lat' dir='ltr'>quam</span> <span class='ocrx_word' id='word_1_101' title='bbox 1260 1927 1412 1993; x_wconf 83' lang='lat' dir='ltr'>exhibent</span> 
     </span>
     <span class='ocr_line' id='line_1_13' title="bbox 297 2028 1411 2129; baseline -0.001 -19"><span class='ocrx_word' id='word_1_102' title='bbox 297 2065 411 2110; x_wconf 91' lang='lat' dir='ltr'>uersus</span> <span class='ocrx_word' id='word_1_103' title='bbox 434 2051 498 2114; x_wconf 89' lang='grc'>565</span> <span class='ocrx_word' id='word_1_104' title='bbox 525 2049 587 2112; x_wconf 89' lang='grc'>566</span> <span class='ocrx_word' id='word_1_105' title='bbox 615 2049 693 2120; x_wconf 84' lang='grc'>561,</span> <span class='ocrx_word' id='word_1_106' title='bbox 727 2065 802 2110; x_wconf 89' lang='lat' dir='ltr'>nam</span> <span class='ocrx_word' id='word_1_107' title='bbox 830 2046 863 2110; x_wconf 91' lang='lat' dir='ltr'>in</span> <span class='ocrx_word' id='word_1_108' title='bbox 891 2048 1038 2112; x_wconf 88' lang='lat' dir='ltr'>omnibus</span> <span class='ocrx_word' id='word_1_109' title='bbox 1066 2028 1279 2113; x_wconf 54' lang='lat' dir='ltr'>codicibus&#39;a</span> <span class='ocrx_word' id='word_1_110' title='bbox 1308 2046 1411 2129; x_wconf 88' lang='lat' dir='ltr'>prima</span> 
     </span>
     <span class='ocr_line' id='line_1_14' title="bbox 296 2162 1410 2249; baseline -0.001 -23"><span class='ocrx_word' id='word_1_111' title='bbox 296 2182 395 2228; x_wconf 90' lang='lat' dir='ltr'>manu</span> <span class='ocrx_word' id='word_1_112' title='bbox 418 2162 527 2246; x_wconf 89' lang='lat' dir='ltr'>scripti</span> <span class='ocrx_word' id='word_1_113' title='bbox 550 2168 667 2227; x_wconf 81' lang='lat' dir='ltr'>extant.</span> <span class='ocrx_word' id='word_1_114' title='bbox 702 2182 773 2227; x_wconf 92' lang='lat' dir='ltr'>cum</span> <span class='ocrx_word' id='word_1_115' title='bbox 792 2163 1017 2247; x_wconf 87' lang='lat' dir='ltr'>praecedentis</span> <span class='ocrx_word' id='word_1_116' title='bbox 1039 2185 1152 2232; x_wconf 91' lang='lat' dir='ltr'>uersus</span> <span class='ocrx_word' id='word_1_117' title='bbox 1167 2171 1256 2249; x_wconf 83' lang='lat' dir='ltr'>parte</span> <span class='ocrx_word' id='word_1_118' title='bbox 1277 2164 1323 2229; x_wconf 84' lang='lat' dir='ltr'>ita</span> <span class='ocrx_word' id='word_1_119' title='bbox 1337 2170 1410 2228; x_wconf 88' lang='lat' dir='ltr'>sunt</span> 
     </span>
     <span class='ocr_line' id='line_1_15' title="bbox 297 2279 560 2364; baseline -0.004 -18"><span class='ocrx_word' id='word_1_120' title='bbox 297 2281 383 2364; x_wconf 86' lang='lat' dir='ltr'>apud</span> <span class='ocrx_word' id='word_1_121' title='bbox 406 2279 560 2347; x_wconf 88' lang='lat' dir='ltr'>Orellium</span> 
     </span>
     <span class='ocr_line' id='line_1_16' title="bbox 499 2399 1174 2484; baseline 0.006 -21"><span class='ocrx_word' id='word_1_122' title='bbox 499 2413 572 2463; x_wconf 84' lang='lat' dir='ltr'>tunc</span> <span class='ocrx_word' id='word_1_123' title='bbox 594 2401 707 2464; x_wconf 86' lang='lat' dir='ltr'>iternrn</span> <span class='ocrx_word' id='word_1_124' title='bbox 727 2399 911 2484; x_wconf 71' lang='lat' dir='ltr'>praedoctus</span> <span class='ocrx_word' id='word_1_125' title='bbox 932 2405 1076 2467; x_wconf 86' lang='lat' dir='ltr'>noscitur</span> <span class='ocrx_word' id='word_1_126' title='bbox 1098 2402 1174 2468; x_wconf 86' lang='lat' dir='ltr'>ordo</span> 
     </span>
    </p>

    <p class='ocr_par' dir='ltr' id='par_1_2' title="bbox 340 2517 1236 2606">
     <span class='ocr_line' id='line_1_17' title="bbox 340 2517 1236 2606; baseline -0.002 -20"><span class='ocrx_word' id='word_1_127' title='bbox 340 2521 403 2586; x_wconf 89' lang='grc'>565</span> <span class='ocrx_word' id='word_1_128' title='bbox 426 2517 567 2602; x_wconf 77' lang='lat' dir='ltr'>loniqeri</span> <span class='ocrx_word' id='word_1_129' title='bbox 586 2530 614 2581; x_wconf 89' lang='lat' dir='ltr'>et</span> <span class='ocrx_word' id='word_1_130' title='bbox 636 2519 730 2599; x_wconf 82' lang='lat' dir='ltr'>tauri,</span> <span class='ocrx_word' id='word_1_131' title='bbox 752 2520 956 2604; x_wconf 60' lang='lat' dir='ltr'>comicorum,</span> <span class='ocrx_word' id='word_1_132' title='bbox 974 2534 1087 2606; x_wconf 78' lang='lat' dir='ltr'>posteo</span> <span class='ocrx_word' id='word_1_133' title='bbox 1110 2523 1236 2603; x_wconf 76' lang='lat' dir='ltr'>concri5</span> 
     </span>
    </p>

    <p class='ocr_par' dir='ltr' id='par_1_3' title="bbox 339 2635 1313 2725">
     <span class='ocr_line' id='line_1_18' title="bbox 339 2635 1313 2725; baseline -0.001 -21"><span class='ocrx_word' id='word_1_134' title='bbox 339 2640 402 2704; x_wconf 88' lang='grc'>566</span> <span class='ocrx_word' id='word_1_135' title='bbox 425 2635 575 2718; x_wconf 82' lang='grc'>10110100,</span> <span class='ocrx_word' id='word_1_136' title='bbox 598 2638 793 2722; x_wconf 72' lang='grc'>1000111090,</span> <span class='ocrx_word' id='word_1_137' title='bbox 817 2651 890 2701; x_wconf 86' lang='lat' dir='ltr'>tnnc</span> <span class='ocrx_word' id='word_1_138' title='bbox 912 2640 1053 2725; x_wconf 74' lang='lat' dir='ltr'>scorpios</span> <span class='ocrx_word' id='word_1_139' title='bbox 1076 2640 1313 2723; x_wconf 77' lang='lat' dir='ltr'>arcitenensque</span> 
     </span>
    </p>

    <p class='ocr_par' dir='ltr' id='par_1_4' title="bbox 241 2752 1452 4013">
     <span class='ocr_line' id='line_1_19' title="bbox 339 2752 1279 2843; baseline -0.002 -21"><span class='ocrx_word' id='word_1_140' title='bbox 339 2760 401 2823; x_wconf 85' lang='grc'>561</span> <span class='ocrx_word' id='word_1_141' title='bbox 425 2752 600 2841; x_wconf 76' lang='grc'>0190110100</span> <span class='ocrx_word' id='word_1_142' title='bbox 622 2754 829 2839; x_wconf 77' lang='lat' dir='ltr'>capricornus</span> <span class='ocrx_word' id='word_1_143' title='bbox 852 2768 879 2819; x_wconf 87' lang='lat' dir='ltr'>et</span> <span class='ocrx_word' id='word_1_144' title='bbox 902 2756 1065 2843; x_wconf 75' lang='lat' dir='ltr'>imbriferi</span> <span class='ocrx_word' id='word_1_145' title='bbox 1084 2755 1146 2821; x_wconf 80' lang='lat' dir='ltr'>dcco</span> <span class='ocrx_word' id='word_1_146' title='bbox 1164 2758 1279 2842; x_wconf 79' lang='lat' dir='ltr'>pisces.</span> 
     </span>
     <span class='ocr_line' id='line_1_20' title="bbox 298 2868 1409 2956; baseline 0.002 -19"><span class='ocrx_word' id='word_1_147' title='bbox 298 2879 330 2937; x_wconf 90' lang='lat' dir='ltr'>et</span> <span class='ocrx_word' id='word_1_148' title='bbox 350 2872 422 2955; x_wconf 87' lang='lat' dir='ltr'>ipsa</span> <span class='ocrx_word' id='word_1_149' title='bbox 446 2868 549 2935; x_wconf 85' lang='lat' dir='ltr'>oratio</span> <span class='ocrx_word' id='word_1_150' title='bbox 572 2870 761 2935; x_wconf 86' lang='lat' dir='ltr'>inconcinna</span> <span class='ocrx_word' id='word_1_151' title='bbox 777 2878 826 2936; x_wconf 89' lang='lat' dir='ltr'>est</span> <span class='ocrx_word' id='word_1_152' title='bbox 841 2892 945 2955; x_wconf 89' lang='lat' dir='ltr'>neque</span> <span class='ocrx_word' id='word_1_153' title='bbox 967 2893 1090 2951; x_wconf 88' lang='lat' dir='ltr'>uersus,</span> <span class='ocrx_word' id='word_1_154' title='bbox 1114 2893 1196 2956; x_wconf 86' lang='lat' dir='ltr'>quos</span> <span class='ocrx_word' id='word_1_155' title='bbox 1218 2874 1297 2939; x_wconf 93' lang='lat' dir='ltr'>nihil</span> <span class='ocrx_word' id='word_1_156' title='bbox 1320 2874 1409 2940; x_wconf 88' lang='lat' dir='ltr'>aliud</span> 
     </span>
     <span class='ocr_line' id='line_1_21' title="bbox 298 2986 1410 3077; baseline 0.002 -21"><span class='ocrx_word' id='word_1_157' title='bbox 298 3009 371 3056; x_wconf 90' lang='lat' dir='ltr'>esse</span> <span class='ocrx_word' id='word_1_158' title='bbox 385 2988 447 3055; x_wconf 89' lang='lat' dir='ltr'>nisi</span> <span class='ocrx_word' id='word_1_159' title='bbox 461 2986 741 3070; x_wconf 83' lang='lat' dir='ltr'>amplificationem</span> <span class='ocrx_word' id='word_1_160' title='bbox 765 3007 879 3055; x_wconf 87' lang='lat' dir='ltr'>uersus</span> <span class='ocrx_word' id='word_1_161' title='bbox 895 2998 958 3059; x_wconf 75' lang='lat'>554</span> <span class='ocrx_word' id='word_1_162' title='bbox 980 2998 1122 3075; x_wconf 84' lang='lat' dir='ltr'>apparet,</span> <span class='ocrx_word' id='word_1_163' title='bbox 1145 2993 1351 3077; x_wconf 84' lang='lat' dir='ltr'>respondent,</span> <span class='ocrx_word' id='word_1_164' title='bbox 1376 3000 1410 3058; x_wconf 89' lang='lat' dir='ltr'>ut</span> 
     </span>
     <span class='ocr_line' id='line_1_22' title="bbox 296 3104 1408 3193; baseline 0.004 -22"><span class='ocrx_word' id='word_1_165' title='bbox 296 3107 424 3193; x_wconf 88' lang='lat' dir='ltr'>putauit</span> <span class='ocrx_word' id='word_1_166' title='bbox 438 3104 588 3183; x_wconf 88' lang='lat' dir='ltr'>Orellius‚</span> <span class='ocrx_word' id='word_1_167' title='bbox 610 3104 699 3168; x_wconf 89' lang='lat' dir='ltr'>Arati</span> <span class='ocrx_word' id='word_1_168' title='bbox 721 3105 868 3171; x_wconf 87' lang='lat' dir='ltr'>uersibus</span> <span class='ocrx_word' id='word_1_169' title='bbox 882 3113 1062 3189; x_wconf 85' lang='lat'>545-548,</span> <span class='ocrx_word' id='word_1_170' title='bbox 1086 3128 1157 3173; x_wconf 88' lang='lat' dir='ltr'>eum</span> <span class='ocrx_word' id='word_1_171' title='bbox 1180 3111 1232 3174; x_wconf 91' lang='lat' dir='ltr'>hic</span> <span class='ocrx_word' id='word_1_172' title='bbox 1252 3131 1272 3173; x_wconf 87' lang='lat' dir='ltr'>a</span> <span class='ocrx_word' id='word_1_173' title='bbox 1295 3131 1408 3176; x_wconf 87' lang='lat' dir='ltr'>cancro</span> 
     </span>
     <span class='ocr_line' id='line_1_23' title="bbox 297 3221 1409 3307; baseline 0.003 -18"><span class='ocrx_word' id='word_1_174' title='bbox 297 3223 453 3307; x_wconf 88' lang='lat' dir='ltr'>incipiens</span> <span class='ocrx_word' id='word_1_175' title='bbox 476 3222 571 3305; x_wconf 83' lang='lat' dir='ltr'>signa</span> <span class='ocrx_word' id='word_1_176' title='bbox 594 3221 718 3288; x_wconf 85' lang='lat' dir='ltr'>zodiaci</span> <span class='ocrx_word' id='word_1_177' title='bbox 741 3231 915 3303; x_wconf 86' lang='lat' dir='ltr'>enumeret,</span> <span class='ocrx_word' id='word_1_178' title='bbox 938 3223 1147 3289; x_wconf 85' lang='lat' dir='ltr'>Germanicus</span> <span class='ocrx_word' id='word_1_179' title='bbox 1167 3230 1273 3293; x_wconf 84' lang='lat' dir='ltr'>autern</span> <span class='ocrx_word' id='word_1_180' title='bbox 1290 3226 1409 3292; x_wconf 86' lang='lat' dir='ltr'>oriatur</span> 
     </span>
     <span class='ocr_line' id='line_1_24' title="bbox 298 3340 1452 3423; baseline 0.003 -15"><span class='ocrx_word' id='word_1_181' title='bbox 298 3343 341 3408; x_wconf 86' lang='lat' dir='ltr'>ab</span> <span class='ocrx_word' id='word_1_182' title='bbox 363 3341 472 3406; x_wconf 85' lang='lat' dir='ltr'>ariete.</span> <span class='ocrx_word' id='word_1_183' title='bbox 504 3361 568 3423; x_wconf 89' lang='lat' dir='ltr'>qua</span> <span class='ocrx_word' id='word_1_184' title='bbox 589 3340 622 3404; x_wconf 91' lang='lat' dir='ltr'>in</span> <span class='ocrx_word' id='word_1_185' title='bbox 639 3342 882 3408; x_wconf 83' lang='lat' dir='ltr'>enumeratione</span> <span class='ocrx_word' id='word_1_186' title='bbox 905 3342 1018 3407; x_wconf 87' lang='lat' dir='ltr'>libram</span> <span class='ocrx_word' id='word_1_187' title='bbox 1035 3343 1150 3409; x_wconf 85' lang='lat' dir='ltr'>deesse</span> <span class='ocrx_word' id='word_1_188' title='bbox 1165 3343 1313 3409; x_wconf 88' lang='lat' dir='ltr'>uiderunt</span> <span class='ocrx_word' id='word_1_189' title='bbox 1328 3345 1408 3411; x_wconf 81' lang='grc'>6110-</span> <span class='ocrx_word' id='word_1_190' title='bbox 1445 3376 1452 3391; x_wconf 86' lang='grc'><em>·</em></span> 
     </span>
     <span class='ocr_line' id='line_1_25' title="bbox 297 3457 1409 3550; baseline 0.004 -26"><span class='ocrx_word' id='word_1_191' title='bbox 297 3461 360 3524; x_wconf 89' lang='lat' dir='ltr'>tius</span> <span class='ocrx_word' id='word_1_192' title='bbox 382 3457 521 3524; x_wconf 86' lang='lat' dir='ltr'>Orellius</span> <span class='ocrx_word' id='word_1_193' title='bbox 542 3457 701 3541; x_wconf 87' lang='lat' dir='ltr'>Iosephus</span> <span class='ocrx_word' id='word_1_194' title='bbox 722 3457 808 3543; x_wconf 85' lang='lat' dir='ltr'>Frey</span> <span class='ocrx_word' id='word_1_195' title='bbox 825 3458 910 3544; x_wconf 81' lang='lat' dir='ltr'>[nou.</span> <span class='ocrx_word' id='word_1_196' title='bbox 928 3478 1007 3524; x_wconf 88' lang='lat' dir='ltr'>mus.</span> <span class='ocrx_word' id='word_1_197' title='bbox 1023 3460 1123 3525; x_wconf 81' lang='lat' dir='ltr'>Rhen.</span> <span class='ocrx_word' id='word_1_198' title='bbox 1139 3461 1317 3550; x_wconf 77' lang='grc' dir='ltr'>ΧΠ14211.</span> <span class='ocrx_word' id='word_1_199' title='bbox 1339 3463 1409 3529; x_wconf 89' lang='lat' dir='ltr'>iure</span> 
     </span>
     <span class='ocr_line' id='line_1_26' title="bbox 297 3573 1408 3661; baseline 0.003 -19"><span class='ocrx_word' id='word_1_200' title='bbox 297 3577 395 3659; x_wconf 83' lang='lat' dir='ltr'>igitur</span> <span class='ocrx_word' id='word_1_201' title='bbox 423 3576 553 3641; x_wconf 81' lang='lat' dir='ltr'>Grotius</span> <span class='ocrx_word' id='word_1_202' title='bbox 581 3582 613 3642; x_wconf 88' lang='lat' dir='ltr'>et</span> <span class='ocrx_word' id='word_1_203' title='bbox 637 3573 723 3659; x_wconf 83' lang='lat' dir='ltr'>Frey</span> <span class='ocrx_word' id='word_1_204' title='bbox 753 3576 836 3641; x_wconf 93' lang='lat' dir='ltr'>hunc</span> <span class='ocrx_word' id='word_1_205' title='bbox 863 3576 969 3642; x_wconf 89' lang='lat' dir='ltr'>locum</span> <span class='ocrx_word' id='word_1_206' title='bbox 999 3576 1171 3644; x_wconf 88' lang='lat' dir='ltr'>delendum</span> <span class='ocrx_word' id='word_1_207' title='bbox 1202 3587 1408 3661; x_wconf 88' lang='lat' dir='ltr'>censuerunt;</span> 
     </span>
     <span class='ocr_line' id='line_1_27' title="bbox 298 3692 1407 3777; baseline 0.003 -18"><span class='ocrx_word' id='word_1_208' title='bbox 298 3695 466 3777; x_wconf 88' lang='lat' dir='ltr'>aquarium</span> <span class='ocrx_word' id='word_1_209' title='bbox 493 3700 599 3759; x_wconf 87' lang='lat' dir='ltr'>autem</span> <span class='ocrx_word' id='word_1_210' title='bbox 625 3692 809 3760; x_wconf 84' lang='lat' dir='ltr'>desiderari·</span> <span class='ocrx_word' id='word_1_211' title='bbox 827 3715 892 3760; x_wconf 90' lang='lat' dir='ltr'>non</span> <span class='ocrx_word' id='word_1_212' title='bbox 915 3699 1001 3761; x_wconf 89' lang='lat' dir='ltr'>recte</span> <span class='ocrx_word' id='word_1_213' title='bbox 1024 3695 1181 3762; x_wconf 86' lang='lat' dir='ltr'>dixerunt.</span> <span class='ocrx_word' id='word_1_214' title='bbox 1215 3699 1407 3765; x_wconf 90' lang='lat' dir='ltr'>deteriorum</span> 
     </span>
     <span class='ocr_line' id='line_1_28' title="bbox 241 3788 1422 3911; baseline 0 -31"><span class='ocrx_word' id='word_1_215' title='bbox 241 3904 245 3911; x_wconf 31' lang='grc' dir='ltr'>Ι</span> <span class='ocrx_word' id='word_1_216' title='bbox 297 3814 382 3880; x_wconf 92' lang='lat' dir='ltr'>enim</span> <span class='ocrx_word' id='word_1_217' title='bbox 397 3812 543 3879; x_wconf 87' lang='lat' dir='ltr'>codicum</span> <span class='ocrx_word' id='word_1_218' title='bbox 558 3788 717 3896; x_wconf 85' lang='lat' dir='ltr'>scriptura</span> <span class='ocrx_word' id='word_1_219' title='bbox 732 3813 852 3879; x_wconf 86' lang='lat' dir='ltr'>reiecta</span> <span class='ocrx_word' id='word_1_220' title='bbox 873 3832 985 3881; x_wconf 86' lang='lat' dir='ltr'>uersus</span> <span class='ocrx_word' id='word_1_221' title='bbox 1000 3820 1063 3884; x_wconf 83' lang='grc'>561</span> <span class='ocrx_word' id='word_1_222' title='bbox 1085 3833 1124 3880; x_wconf 89' lang='lat' dir='ltr'>ex</span> <span class='ocrx_word' id='word_1_223' title='bbox 1142 3817 1332 3882; x_wconf 86' lang='lat' dir='ltr'>auctoritate</span> <span class='ocrx_word' id='word_1_224' title='bbox 1346 3814 1422 3880; x_wconf 67' lang='lat' dir='ltr'>Ba?</span> 
     </span>
     <span class='ocr_line' id='line_1_29' title="bbox 253 3929 910 4013; baseline -0.011 -10"><span class='ocrx_word' id='word_1_225' title='bbox 253 3996 259 4003; x_wconf 93' lang='lat'><em>.</em></span> <span class='ocrx_word' id='word_1_226' title='bbox 297 3933 444 4000; x_wconf 84' lang='lat' dir='ltr'>siteensis</span> <span class='ocrx_word' id='word_1_227' title='bbox 466 3938 498 3997; x_wconf 90' lang='grc'>01</span> <span class='ocrx_word' id='word_1_228' title='bbox 518 3929 659 3997; x_wconf 88' lang='lat' dir='ltr'>Parisini</span> <span class='ocrx_word' id='word_1_229' title='bbox 681 3930 838 4013; x_wconf 84' lang='lat' dir='ltr'>legendus</span> <span class='ocrx_word' id='word_1_230' title='bbox 861 3937 910 3996; x_wconf 89' lang='lat' dir='ltr'>est</span> 
     </span>
    </p>

    <p class='ocr_par' dir='ltr' id='par_1_5' title="bbox 425 4051 1312 4139">
     <span class='ocr_line' id='line_1_30' title="bbox 425 4051 1312 4139; baseline -0.001 -20"><span class='ocrx_word' id='word_1_231' title='bbox 425 4068 453 4119; x_wconf 88' lang='lat' dir='ltr'>et</span> <span class='ocrx_word' id='word_1_232' title='bbox 472 4051 599 4139; x_wconf 64' lang='lat' dir='ltr'>octiduo</span> <span class='ocrx_word' id='word_1_233' title='bbox 620 4052 826 4136; x_wconf 68' lang='lat' dir='ltr'>capracornns</span> <span class='ocrx_word' id='word_1_234' title='bbox 849 4064 877 4117; x_wconf 89' lang='grc'>01</span> <span class='ocrx_word' id='word_1_235' title='bbox 898 4051 1045 4137; x_wconf 81' lang='lat' dir='ltr'>imbrifer</span> <span class='ocrx_word' id='word_1_236' title='bbox 1067 4065 1095 4117; x_wconf 90' lang='grc'>01</span> <span class='ocrx_word' id='word_1_237' title='bbox 1116 4052 1179 4118; x_wconf 84' lang='lat' dir='ltr'>dno</span> <span class='ocrx_word' id='word_1_238' title='bbox 1199 4056 1312 4137; x_wconf 80' lang='lat' dir='ltr'>pr‘scee.</span> 
     </span>
    </p>

    <p class='ocr_par' dir='ltr' id='par_1_6' title="bbox 295 4167 1404 4376">
     <span class='ocr_line' id='line_1_31' title="bbox 296 4167 1404 4254; baseline 0.001 -18"><span class='ocrx_word' id='word_1_239' title='bbox 296 4190 490 4254; x_wconf 90' lang='lat' dir='ltr'>quamquam</span> <span class='ocrx_word' id='word_1_240' title='bbox 511 4190 576 4237; x_wconf 90' lang='lat' dir='ltr'>non</span> <span class='ocrx_word' id='word_1_241' title='bbox 596 4170 726 4253; x_wconf 84' lang='lat' dir='ltr'>ignoro,</span> <span class='ocrx_word' id='word_1_242' title='bbox 749 4188 820 4234; x_wconf 92' lang='lat' dir='ltr'>eum</span> <span class='ocrx_word' id='word_1_243' title='bbox 842 4167 925 4234; x_wconf 86' lang='lat' dir='ltr'>libra</span> <span class='ocrx_word' id='word_1_244' title='bbox 946 4188 1022 4253; x_wconf 84' lang='lat' dir='ltr'>pars</span> <span class='ocrx_word' id='word_1_245' title='bbox 1044 4167 1085 4233; x_wconf 90' lang='lat' dir='ltr'>sit</span> <span class='ocrx_word' id='word_1_246' title='bbox 1105 4169 1305 4253; x_wconf 88' lang='lat' dir='ltr'>scorpionis,</span> <span class='ocrx_word' id='word_1_247' title='bbox 1327 4169 1404 4237; x_wconf 89' lang='lat' dir='ltr'>lieet</span> 
     </span>
     <span class='ocr_line' id='line_1_32' title="bbox 295 4281 1401 4376; baseline -0.004 -17"><span class='ocrx_word' id='word_1_248' title='bbox 295 4309 352 4376; x_wconf 82' lang='lat' dir='ltr'>per</span> <span class='ocrx_word' id='word_1_249' title='bbox 374 4308 410 4361; x_wconf 80' lang='lat' dir='ltr'>sc</span> <span class='ocrx_word' id='word_1_250' title='bbox 432 4287 597 4375; x_wconf 78' lang='lat' dir='ltr'>singulare</span> <span class='ocrx_word' id='word_1_251' title='bbox 616 4286 744 4374; x_wconf 78' lang='lat' dir='ltr'>signum</span> <span class='ocrx_word' id='word_1_252' title='bbox 765 4287 911 4375; x_wconf 78' lang='lat' dir='ltr'>tingatur,</span> <span class='ocrx_word' id='word_1_253' title='bbox 934 4306 992 4372; x_wconf 85' lang='lat' dir='ltr'>pro</span> <span class='ocrx_word' id='word_1_254' title='bbox 1015 4281 1098 4354; x_wconf 80' lang='lat' dir='ltr'>libra</span> <span class='ocrx_word' id='word_1_255' title='bbox 1119 4284 1173 4353; x_wconf 91' lang='lat' dir='ltr'>uel</span> <span class='ocrx_word' id='word_1_256' title='bbox 1195 4284 1294 4355; x_wconf 79' lang='lat' dir='ltr'>chelis</span> <span class='ocrx_word' id='word_1_257' title='bbox 1317 4306 1401 4357; x_wconf 88' lang='lat' dir='ltr'>scor-</span> 
     </span>
    </p>
   </div>
   <div class='ocr_carea' id='block_1_2' title="bbox 0 0 1632 5204">
    <p class='ocr_par' dir='ltr' id='par_1_7' title="bbox 0 0 1632 5204">
     <span class='ocr_line' id='line_1_33' title="bbox 0 0 1632 5204; baseline 0 0"><span class='ocrx_word' id='word_1_258' title='bbox 0 0 1632 5204; x_wconf 95' lang='lat' dir='ltr'> </span> 
     </span>
    </p>
   </div>
  </div>
 </body>
</html>
