3252 5204
618 443 834 509 ...23-

172 616 265 681 huius
288 635 365 699 pars
387 615 491 681 undae
513 615 640 681 lacuum
663 613 739 681 ferit
761 614 888 681 Orionis

173 725 266 808 lapsa
286 724 410 807 pedem.
444 725 555 809 procul
577 723 732 804 ambobus
755 725 809 808 qui
831 724 971 808 piscibus
993 745 1076 790 unus
1123 714 1128 725 ⁵

173 833 302 899 uincula
324 833 468 912 conectit
492 832 595 913 nodus
618 833 745 903 cristam
768 854 864 919 super
884 834 988 917 ipsam

173 962 352 1024 aequoreae
374 942 481 1027 pristis
503 942 615 1008 radiat.
649 950 723 1009 sunt
744 944 845 1010 libera
866 942 956 1011 caelo

173 1051 281 1118 sidera
303 1072 368 1118 non
390 1053 489 1118 ullam
511 1052 618 1135 specie
640 1053 808 1119 reddentia
829 1051 964 1117 formam

175 1160 233 1227 sub
255 1161 375 1245 leporis
397 1162 481 1228 latus
503 1181 651 1227 auersam
673 1169 746 1247 post
768 1162 906 1246 denique
928 1161 1058 1246 puppim

175 1270 255 1335 inter
276 1277 308 1336 et
328 1271 459 1337 Eridani
481 1270 582 1336 flexus
605 1271 794 1354 clauumque
818 1272 953 1337 carinae.

173 1384 267 1462 atque
290 1380 368 1446 haec
389 1380 460 1465 ipsa
481 1386 587 1446 natast
609 1381 728 1445 nullam
749 1380 904 1464 praebere
927 1380 1071 1462 figuram,

85 1499 87 1502 ⁴
150 1497 246 1557 sunt
267 1490 383 1556 etenim
404 1495 470 1554 toto
492 1489 595 1575 sparsi
617 1492 685 1559 sine
708 1490 835 1555 nomine
856 1490 975 1554 mundo

172 1599 255 1664 inter
277 1599 368 1684 signa
389 1599 490 1684 ignes,
514 1601 628 1682 quibus
652 1600 712 1667 etsi
733 1597 862 1685 propria
884 1598 966 1665 desit

172 1707 283 1793 forma,
305 1728 362 1793 per
382 1708 519 1794 appositi
542 1716 715 1775 noscuntur
736 1708 856 1773 lumina
878 1709 970 1793 signi.

256 1818 315 1882 Est
336 1818 431 1883 etiam
453 1840 474 1884 a
494 1819 630 1901 geminis
652 1819 798 1887 diuersus
819 1818 959 1902 piscibus
980 1839 1072 1904 unus,

173 1927 227 2009 qui
249 1926 369 1993 borean
391 1927 514 2013 fugitat,
538 1933 622 1994 totus
643 1928 784 1993 directus
804 1927 838 1992 in
859 1934 995 2007 austros,

173 2041 283 2101 uentre
305 2037 363 2102 sub
386 2037 546 2119 aegoceri,
569 2038 682 2123 pristin
702 2056 877 2104 conuersus
898 2037 942 2103 ad
964 2039 1069 2104 imam.

171 2143 297 2211 infimus
318 2145 520 2231 hydrochoos
542 2146 601 2213 scd
623 2166 687 2228 qua
709 2146 846 2229 uestigia
867 2147 945 2230 figit,

170 2261 244 2319 sunt
266 2255 349 2322 aliae
371 2256 497 2336 stellae;
520 2276 585 2341 qna
606 2255 740 2322 caudam
762 2257 858 2322 belua
880 2256 978 2327 flectit

171 2384 297 2448 quaque
320 2370 415 2450 caput
435 2365 542 2450 piscis,
565 2364 672 2432 media
691 2365 822 2450 regione
844 2366 968 2433 locatae

169 2606 221 2662 368
238 2601 311 2657 unde
324 2608 349 2657 Β
370 2601 383 2673 Η
403 2603 493 2658 lenum
512 2620 525 2656 e
546 2600 560 2673 Η
581 2606 660 2658 tenet
678 2608 723 2658 ast
738 2602 851 2660 Orionis
864 2609 888 2658 Β
910 2601 924 2675 Η
941 2605 994 2663 369
1012 2604 1113 2679 amotis
1127 2604 1175 2677 qui
1186 2603 1271 2677 pisci-

169 2691 222 2744 bus
243 2706 309 2744 usus
328 2693 457 2758 ABEPpe
476 2689 489 2760 Η
510 2690 644 2746 ambobus
663 2709 717 2763 qua
735 2692 862 2764 piscibus
880 2706 950 2747 unus
970 2694 1081 2744 Grotius
1102 2689 1117 2763 Η
1134 2692 1187 2747 370
1205 2706 1270 2745 con·

171 2775 253 2829 iectit
270 2780 317 2828 ΑΡ
334 2773 347 2846 Η
368 2776 490 2830 coniecit
506 2781 531 2830 Β
557 2777 570 2847 Η
596 2777 770 2833 contectato
791 2778 803 2851 Η
829 2778 971 2834 connectit
990 2781 1100 2832 Grotius
1121 2780 1237 2832 Ocellare
1258 2775 1272 2849 Η

172 2863 295 2916 conectit
311 2867 408 2930 scripsi
428 2860 440 2933 Η
460 2863 592 2934 Aequore
605 2869 665 2918 3Βο
687 2864 700 2936 Η
719 2856 871 2939 Aequor'ca
883 2871 907 2920 Β
930 2864 943 2937 Η
963 2881 1118 2937 aequoreae
1134 2862 1271 2935 tirocinali

169 2949 271 3021 pistrix
284 2954 307 3001 Β
327 2947 341 3020 Η
360 2950 464 3004 Pistris
479 2955 589 3005 Grotius
610 2949 625 3021 Η
643 2950 721 3008 adiat
733 2959 778 3008 ΑΡ
797 2954 811 3028 Η
829 2954 941 3009 radians
955 2958 979 3007 B
1002 2952 1015 3024 Η
1035 2953 1127 3007 adite
1148 2952 1161 3024 Η
1181 2950 1273 3007 radiat

87 3028 91 3036 ’
168 3042 266 3104 scripsi
289 3036 303 3107 Η
328 3041 393 3091 sunt
410 3037 451 3090 illi
469 3037 589 3092 liberae
616 3038 630 3109 Η
656 3040 745 3097 libero
764 3047 787 3095 Δ
810 3041 823 3113 Η
847 3044 900 3099 372
917 3041 1076 3096 nonnullam
1093 3044 1140 3094 Ar>
1159 3038 1173 3110 Η
1193 3041 1271 3097 caelo

167 3121 315 3177 reddentia
333 3128 358 3176 Β
379 3122 392 3193 Η
411 3124 566 3181 reddemtia
584 3132 605 3179 Α
625 3148 693 3182 corr.
707 3132 743 3182 Δ1
763 3131 777 3201 Η
796 3132 863 3185 boae
875 3148 979 3183 aarum
993 3147 1069 3184 om.e
1089 3126 1103 3199 Η
1123 3127 1270 3198 3731000-

168 3206 264 3281 risque
283 3229 297 3263 e
319 3210 332 3282 Η
351 3228 459 3266 uersam
471 3218 533 3267 APe
553 3211 567 3284 Η
584 3215 637 3270 374
648 3215 799 3273 Eridanum
811 3222 849 3271 Ae
869 3216 882 3289 Η
902 3216 1036 3271 heridam'r
1054 3221 1079 3269 Β
1101 3215 1114 3286 Η
1134 3214 1270 3269 endanum

167 3302 190 3349 Ρ
208 3298 221 3368 Η
245 3297 361 3353 Eridani
378 3305 492 3355 Grotius
517 3299 531 3371 Η
556 3301 699 3373 flexusque
719 3324 733 3358 e
761 3303 774 3376 Η
798 3321 949 3376 canumque
968 3309 1028 3358 APe
1054 3302 1067 3375 Η
1091 3303 1144 3359 373
1161 3305 1229 3357 nota
1246 3302 1271 3357 si

168 3389 214 3437 ΑΡ
236 3383 249 3455 Η
273 3390 341 3443 nota
359 3391 405 3441 est
424 3392 446 3440 Β
467 3387 481 3458 Η
500 3393 581 3444 00303
600 3391 625 3444 si
644 3410 657 3444 e
678 3389 691 3461 Η
711 3395 808 3446 actast
824 3397 921 3460 scripsi
941 3391 955 3462 Η
974 3392 1109 3464 prebuere
1128 3395 1153 3444 Β
1175 3390 1188 3461 Η
1207 3406 1269 3462 pre·

169 3472 269 3526 bereP
287 3473 300 3543 Η
320 3473 378 3528 fere
398 3492 411 3526 a
432 3473 445 3544 Η
464 3476 517 3531 376
535 3475 619 3530 etiam
633 3481 719 3531 ABPe
741 3477 754 3549 Η
774 3480 877 3534 etenim
895 3484 1005 3555 Grotius
1025 3479 1038 3550 Η
1057 3483 1134 3534 30300
1147 3497 1183 3532 ec
1194 3482 1270 3535 totns

169 3578 237 3615 corr.
250 3562 286 3612 Δ1
307 3560 319 3630 Η
339 3564 417 3615 totos
434 3565 458 3614 P
475 3560 489 3633 Η
508 3562 609 3617 mundo
629 3581 665 3617 eor
682 3565 776 3619 mundi
794 3584 863 3622 corr.
877 3568 912 3619 Δι
929 3575 957 3620 ct
976 3569 1085 3621 uidetur
1105 3565 1119 3638 Η
1138 3565 1231 3621 mundi
1244 3572 1269 3621 Β

167 3651 203 3700 Pe
224 3647 237 3718 Η
257 3648 308 3703 377
327 3650 357 3700 03
373 3647 520 3719 prepriaA
540 3651 566 3703 si
582 3656 771 3718 superscripsit
785 3657 828 3706 cel
840 3672 934 3708 massas
944 3658 1031 3722 primo
1044 3657 1088 3706 ael
1100 3654 1159 3706 baio
1172 3671 1269 3723 dequo-

168 3739 202 3788 730
220 3737 293 3807 ‘casu
310 3753 374 3787 uero
394 3754 429 3788 aa
442 3738 551 3789 ceordic
563 3737 634 3790 3003
647 3740 761 3793 dicerint
774 3745 906 3795 detersum
920 3744 973 3794 est'
992 3743 1122 3795 Hortatur
1141 3737 1154 3810 Η
1175 3740 1201 3795 si
1219 3759 1268 3795 om.

166 3825 190 3874 P
208 3821 220 3891 Η
240 3821 321 3889 ignes
334 3821 418 3879 etiam
431 3823 531 3893 quibus
544 3828 574 3878 03
586 3840 637 3879 sua
649 3825 723 3880 desit
735 3846 749 3881 e
770 3828 782 3896 Η
802 3831 851 3882 ‘aa
865 3832 1001 3896 lepeadcm
1015 3826 1111 3883 defitr’
1127 3829 1242 3881 Orellius
1252 3825 1267 3899 Η

166 3909 219 3964 378
237 3907 363 3978 oppositi
381 3912 420 3960 Be
448 3907 460 3981 Η
485 3928 509 3963 a.
523 3913 660 3970 379-381
680 3918 806 3968 omittant
824 3918 884 3967 APe
905 3913 919 3986 Η
938 3917 990 3973 373
1008 3913 1188 3971 DIUERSIS
1207 3919 1231 3968 Β
1253 3914 1266 3985 Η

167 3995 294 4049 diuersus
315 4000 425 4051 Grotius
450 4000 463 4068 Η
490 4000 542 4057 383
560 3999 649 4069 fugiat
666 4006 690 4055 Β
718 3999 731 4072 Η
755 4001 857 4071 fugitat
876 4006 986 4059 Grotius
1011 4002 1023 4073 Η
1048 4002 1100 4060 381
1119 4001 1267 4071 acgoobori

166 4088 191 4137 Β
213 4080 227 4152 Η
245 4082 354 4153 pristim
372 4089 396 4136 Β
418 4083 431 4155 Η
450 4086 557 4141 Pistrin
578 4089 693 4141 Orellics
713 4086 726 4159 Η
747 4090 799 4146 382
816 4088 1002 4160 Hydrochous
1020 4095 1045 4147 Β
1067 4089 1080 4161 Η
1099 4088 1267 4145 hidrochoor

166 4173 189 4222 Β
217 4169 229 4237 Η
258 4167 420 4229 idrochoos:
440 4192 453 4226 e
484 4172 497 4244 Η
529 4174 580 4229 sed
596 4191 670 4246 0000
688 4180 736 4231 ΑΒ
762 4176 776 4249 Η
804 4176 910 4250 003000
927 4182 952 4232 Β
984 4177 997 4249 Η
1025 4177 1078 4237 383
1096 4193 1167 4252 quae
1185 4180 1233 4229 ΔΒ
1250 4175 1265 4248 Η

165 4256 220 4316 384
236 4255 328 4315 locate
343 4262 382 4312 Pe
397 4257 416 4331 Η
