3254 5202
759 538 964 604 ,76-

310 714 375 776 tou
389 714 444 774 eut
458 727 629 775 amanam
645 705 762 790 dicunt,
784 725 873 772 ursa
885 706 1004 777 maior
1019 707 1061 771 ab
1077 705 1158 786 aliis,
1182 704 1269 789 quod
1290 728 1409 792 graeca

310 819 423 901 lingua
445 823 574 884 arctos
595 820 663 883 sius
685 835 820 881 amara
843 814 973 880 dicatur.
1017 812 1162 900 Myrtilus
1184 823 1290 882 autem
1311 819 1409 903 Hya-

310 928 378 995 des
399 929 539 1011 quinque
560 926 644 991 filias
667 925 780 991 Cadmi
803 944 874 990 esse
898 923 1004 990 dicit'
1028 925 1125 990 habet
1146 925 1254 991 stellas
1276 933 1409 993 taurus

310 1040 344 1103 io
367 1038 471 1122 capite
494 1037 643 1121 quinque,
667 1055 748 1119 quae
770 1033 928 1119 Hyades
951 1035 1161 1119 appellantur.
1184 1035 1328 1118 reliquae
1342 1059 1410 1118 xm,

281 1146 354 1212 aab
376 1147 638 1228 abscissioneque
660 1144 743 1210 tauri
763 1163 866 1227 usque
889 1144 932 1209 ad
947 1143 1231 1210 rachin'uocautur
1245 1144 1409 1212 Pliades.

310 1262 383 1323 suut
403 1255 590 1341 perstellas
613 1261 745 1339 septem,
768 1273 849 1337 quas
871 1253 980 1319 dicunt
994 1253 1129 1319 Atlantis
1152 1254 1236 1320 filias
1248 1274 1320 1321 esse
1342 1275 1410 1340 sep·

309 1374 383 1432 tem.
406 1366 578 1449 exquibus
599 1388 632 1429 vr
655 1365 762 1431 clarae
784 1368 867 1443 sunt,
889 1383 955 1428 una
977 1364 1128 1444 obscura3
1152 1363 1239 1446 quod
1260 1384 1317 1431 sex
1339 1386 1411 1432 cum

310 1476 379 1543 deis
401 1477 639 1541 concubuerunt
663 1495 702 1540 ex
725 1474 840 1557 quibus
863 1497 899 1537 111
919 1494 989 1539 cum
1004 1473 1092 1540 Ioue.
1125 1493 1167 1540 ex
1189 1473 1316 1541 Electra
1331 1476 1410 1541 Dar-

311 1582 430 1650 danum
463 1592 584 1668 natum,
618 1585 706 1650 Maia
738 1583 943 1664 Mercurium,
977 1586 1120 1669 Taygete
1152 1586 1409 1652 Lacedaemona.

274 1715 381 1761 recum
403 1697 552 1778 Neptuno
574 1695 665 1761 duas.
698 1693 852 1777 Alcyone,
876 1713 916 1758 ex
937 1694 1025 1776 iquis
1047 1695 1194 1780 Hyrieus,
1219 1695 1370 1777 Celaeno,
1393 1717 1411 1764 e

312 1824 376 1887 qua
391 1807 507 1889 Lycus.
540 1826 610 1872 cum
627 1806 729 1870 Marte
744 1802 886 1889 Sterope,
910 1823 950 1870 ex
973 1831 1038 1892 qac
1053 1805 1245 1872 Oenomaus.
1279 1805 1410 1892 Merope

310 1934 381 1980 eum
411 1915 559 2001 Sisypho.
603 1934 753 1999 magnam
780 1912 866 1998 apud
892 1913 1037 1980 homines
1065 1913 1250 2000 dignitatem
1280 1914 1409 1996 habeut,

310 2022 395 2105 quod
418 2024 564 2090 omnibus
585 2024 671 2089 horis
688 2022 875 2107 significant.
909 2029 1039 2090 taurus
1063 2049 1125 2092 coo
1147 2039 1226 2091 totas
1247 2024 1410 2109 figuratur.

309 2135 398 2199 tobes
420 2134 532 2199 stellas
552 2133 586 2197 in
608 2132 730 2198 ruente
758 2133 923 2214 utriusque
954 2133 1065 2216 partis.
1117 2133 1233 2199 clarior
1260 2135 1411 2202 sinistrae

209 2301 212 2316 ,
274 2241 343 2307 uid
376 2248 425 2307 est
455 2242 489 2307 in
517 2242 675 2309 cornibus.
725 2243 757 2306 in
785 2242 885 2307 oculis
912 2243 1071 2327 singulas,
1109 2243 1143 2308 in
1172 2263 1251 2309 naso
1279 2267 1300 2308 1.
1349 2245 1411 2311 hae

310 2351 424 2419 stellae
447 2351 639 2437 vaades
655 2352 867 2436 appellantur.
899 2353 932 2416 in
955 2353 1083 2419 sinistro
1105 2355 1222 2418 icornu
1236 2375 1258 2432 1,
1279 2352 1313 2417 in
1335 2353 1412 2420 dex·

309 2468 358 2528 tro
381 2486 402 2545 1,
425 2464 458 2527 in
481 2461 662 2546 ungulam,
685 2462 719 2526 in
741 2461 824 2528 collo
840 2484 873 2540 11,
895 2460 929 2525 in
953 2460 1049 2528 dorso
1071 2485 1116 2526 111.
1150 2461 1263 2527 ultima
1285 2463 1409 2528 clarior.

310 2574 368 2638 sub
391 2577 503 2638 uentre
525 2595 546 2656 1,
569 2570 603 2637 in
624 2578 751 2655 pectore
774 2595 786 2635 1
807 2571 906 2636 clara.
948 2571 1027 2638 fiunt
1048 2573 1117 2637 iav.
1151 2575 1190 2639 ab
1213 2573 1411 2641 abscissione

310 2746 325 2800 1
344 2759 428 2799 uersa
444 2745 535 2798 miuus
554 2747 602 2796 AP
621 2743 633 2815 Η
653 2760 720 2798 ursa
737 2745 825 2799 maior
842 2748 940 2811 scrlpst
961 2744 974 2815 Η
993 2746 1011 2799 2
1029 2745 1089 2799 siue
1108 2748 1201 2798 addidi
1222 2741 1235 2814 Η
1255 2749 1348 2801 amata
1365 2751 1412 2799 AP

310 2829 326 2902 Η
344 2848 443 2887 smus
459 2837 555 2900 scripsi
576 2830 589 2901 Η
609 2831 750 2901 Myrrtilus
763 2836 786 2883 P
804 2832 817 2902 Η
837 2830 959 2887 hadesA
980 2830 994 2903 Η
1014 2834 1031 2888 3
1049 2831 1152 2889 *cadmi
1164 2838 1187 2885 P
1205 2832 1219 2904 Η
1239 2833 1330 2904 capud
1349 2834 1409 2889 eius

309 2922 332 2971 A
354 2917 368 2989 Η
387 2924 473 2991 ceput
489 2921 516 2974 ci
527 2922 551 2970 P
570 2919 582 2984 Η
601 2918 620 2972 4
637 2918 666 2971 in
684 2917 777 2988 capite
795 2923 890 2988 scrs'psr'
903 2938 938 2973 ea·
950 2924 1062 2976 straza.
1080 2920 1094 2991 Η
1114 2921 1235 2992 reliquas
1249 2926 1294 2974 ΑΡ
1313 2920 1326 2993 Η
1346 2921 1409 2976 reli-

311 2994 381 3076 quae
400 3013 496 3077 scripsi
516 3005 530 3078 Η
549 3008 566 3062 5
584 3005 807 3075 abscisioneq.P
826 3005 839 3078 Η
859 3009 992 3080 tauriusq.
1012 3015 1035 3062 P
1054 3009 1067 3080 Η
1085 3009 1200 3064 brachiu
1217 3014 1265 3063 AP
1282 3010 1296 3080 Η
1316 3011 1412 3065 rechin

310 3100 416 3163 scripsi,
432 3099 492 3148 cide
503 3115 529 3163 p.
540 3103 608 3160 rm
629 3092 713 3164 ‘quod
724 3097 841 3148 uocatur
851 3096 951 3150 rachis'
973 3094 986 3167 Η
1005 3097 1143 3152 brachios
1163 3095 1177 3169 Η
1198 3099 1214 3152 6
1226 3097 1346 3152 aulantis
1358 3102 1379 3150 A
1395 3097 1411 3169 Η

310 3199 423 3254 atlindis
442 3205 465 3252 P
481 3198 497 3270 Η
516 3174 630 3270 eseliae
648 3201 670 3250 A
697 3197 711 3269 Η
736 3198 814 3254 Seis
833 3204 881 3252 ΑΡ
898 3197 912 3270 Η
932 3199 993 3255 deis
1011 3221 1045 3256 m.
1065 3222 1157 3270 opopa.
1175 3206 1269 3256 Berol.
1290 3201 1303 3275 Η
1324 3203 1411 3257 eletra

310 3291 331 3339 A
355 3286 367 3359 Η
388 3287 463 3342 aicta
481 3285 534 3358 ΡΗ
555 3286 706 3340 dardanum
724 3286 754 3354 (d
773 3304 808 3339 ea
825 3289 838 3340 t
856 3291 972 3357 corr.)A
995 3287 1009 3360 Η
1029 3291 1046 3345 9
1064 3292 1130 3343 nata
1147 3290 1309 3344 mercurium
1328 3297 1376 3343 AP
1394 3291 1407 3363 Η

308 3376 449 3443 taygetem
467 3377 489 3425 A
512 3371 525 3443 Η
544 3376 682 3444 tyagetsm
702 3380 725 3426 P
742 3372 756 3444 Η
777 3374 958 3447 lacedemone
974 3380 998 3428 P
1019 3374 1033 3446 Η
1059 3377 1093 3433 10
1110 3377 1217 3432 alciona
1237 3384 1260 3430 P
1277 3375 1290 3449 Η
1309 3377 1408 3432 herens

309 3464 361 3512 AP
373 3477 441 3514 corr.
460 3480 472 3514 ε
492 3459 505 3532 Η
525 3463 658 3517 celaenoe
677 3462 805 3533 quatiens
824 3466 847 3514 A
869 3460 881 3534 Η
903 3463 1073 3535 celsonaque
1093 3463 1200 3536 trypcus
1219 3469 1241 3516 P
1260 3464 1274 3536 Η
1294 3467 1326 3521 11
1347 3481 1408 3520 eum

309 3551 384 3603 ortes
402 3552 501 3621 terope
519 3553 568 3602 AP
585 3547 598 3621 Η
617 3549 760 3621 Asterope
780 3569 792 3603 ε
811 3555 893 3604 iodea
912 3549 926 3622 Η
947 3568 1002 3622 qua
1020 3555 1125 3605 cdrlidr't
1144 3571 1156 3606 ε
1176 3551 1190 3624 Η
1210 3553 1243 3608 12
1262 3554 1409 3626 sisyptoua
1445 3609 1449 3616 ,

307 3640 329 3689 A
351 3634 364 3707 Η
385 3638 529 3708 sysiptone
547 3643 570 3690 P
587 3637 602 3709 Η
622 3652 683 3691 eum
695 3637 802 3693 Glauco
823 3654 858 3692 ex
876 3656 931 3710 qua
948 3639 1068 3710 Sisypho
1087 3657 1099 3692 ε
1119 3650 1148 3692 os
1167 3645 1202 3709 cf.
1221 3645 1319 3710 Hypsa.
1332 3645 1361 3693 P.
1375 3646 1408 3695 A.

307 3730 383 3781 11sr
401 3736 487 3795 pm
507 3730 582 3783 stac.
613 3729 741 3792 Meropen
767 3737 855 3779 cratem
874 3728 988 3793 Sisypho
1011 3737 1122 3794 capsam
1142 3732 1268 3782 Glaucam
1286 3734 1408 3798 praeisse

308 3813 322 3886 Η
343 3815 376 3870 13
395 3815 492 3868 orisA
524 3813 536 3886 Η
563 3814 713 3870 honoribus
733 3831 745 3868 ε
769 3825 799 3866 al
818 3818 852 3881 cf.
875 3814 933 3867 Cot.
949 3818 1046 3866 XXIII
1058 3824 1095 3870 34
1115 3816 1247 3885 μεγίστην
1266 3817 1294 3869 δ’
1315 3820 1408 3888 ἔχουσι

308 3900 393 3963 δόξαν
412 3902 442 3955 ἔν
459 3907 514 3961 τοῖς
526 3899 685 3972 ἀνθρώποις
697 3902 928 3972 ἔπισημαίνουσαι
942 3899 1008 3954 καθ’
1020 3900 1095 3974 ὥραν
1115 3903 1128 3976 Η
1148 3920 1203 3958 non
1221 3907 1298 3959 totus
1316 3909 1410 3961 audiat

308 3995 343 4058 cf.
356 4008 446 4058 propr.
461 3994 538 4042 Posc.
551 4000 605 4058 ps
624 3990 638 4063 Η
658 3990 693 4044 14
703 3989 790 4043 habet
802 3994 894 4042 codici
914 3988 926 4060 Η
946 3991 1082 4062 utpriusq.
1100 3992 1292 4062 particolarior
1303 3996 1327 4044 A
1346 3990 1360 4065 Η
1379 3994 1408 4047 in

308 4076 407 4131 frontis
426 4079 541 4146 suaque
564 4083 642 4148 parte
665 4077 695 4131 id
718 4081 762 4131 est
785 4077 814 4130 in
838 4076 967 4132 cornibus
987 4078 1130 4147 singulas.
1146 4078 1246 4134 clarior
1269 4080 1407 4134 sinistrae.

308 4168 428 4231 suspicor
447 4162 462 4234 Η
482 4164 515 4218 16
531 4163 628 4220 triades
641 4172 664 4219 P
680 4165 695 4236 Η
714 4167 743 4219 in
762 4166 875 4220 sinistro
894 4180 967 4234 genu
986 4183 998 4219 s
1015 4183 1050 4218 sa
1064 4173 1120 4219 vot.
1142 4166 1155 4236 Η
1174 4167 1204 4219 iu
1223 4166 1340 4236 singulis
1359 4183 1406 4237 ge·

308 4266 389 4321 nibus
402 4265 525 4336 singulas
538 4274 647 4325 Strozz.
667 4272 727 4324 Prlr.
749 4268 762 4341 Η
782 4271 816 4325 17
836 4250 917 4339 ᾶοΗεο
936 4274 958 4323 A
978 4267 992 4342 Η
1014 4268 1097 4325 dorso
1116 4282 1165 4328 om.
1179 4277 1202 4323 P
1218 4270 1232 4345 Η
1252 4273 1287 4331 18
1304 4272 1338 4327 ab
1358 4276 1407 4326 cct-

309 4359 364 4409 ‹Iictt
382 4356 418 4410 ab
437 4355 575 4412 scissione
595 4375 607 4411 ε
626 4356 641 4428 Η
