3254 5202
760 469 994 536 ..104-

408 642 625 723 Annosasque
645 638 728 725 uias]

412 748 597 817 ostenditur
612 752 718 814 autem
732 765 815 811 unus
834 746 917 812 inter
939 745 1074 811 circulos
1097 744 1189 824 caeli,
1213 746 1269 828 qui
1284 746 1434 812 lacteus
1540 777 1541 780 ¹

326 865 474 939 uocatur,
498 856 586 941 quod
607 857 690 923 albis
713 855 851 921 nubibus
875 854 1042 920 denotetur
1063 853 1212 921 circuitus
1234 855 1317 940 eius,
1346 854 1434 938 quod

326 971 405 1035 Iuno
429 970 479 1034 lac
500 966 651 1033 mamillis
674 965 827 1032 effudisse
849 964 974 1049 dicitur,
998 985 1069 1030 cum
1091 961 1243 1047 audisset,
1264 963 1434 1031 Herculem
1496 971 1499 978 '

300 1086 419 1145 ⁶suum
440 1076 540 1141 filium
562 1097 628 1141 non
649 1095 729 1141 esse.
753 1060 808 1139 alii
830 1074 939 1140 dicunt
952 1092 1010 1157 per
1025 1074 1196 1138 Saturnum
1211 1070 1342 1157 factum,
1365 1092 1435 1138 cum

326 1188 468 1271 lap1dem
491 1186 520 1250 ei
543 1186 607 1272 Ope
629 1205 687 1269 pro
709 1185 787 1249 Ioue
810 1182 928 1261 attulit,
959 1181 1069 1246 dicens
1090 1180 1152 1246 hcc
1180 1200 1251 1248 esse
1274 1181 1360 1264 quod
1380 1202 1436 1266 pe·

327 1296 474 1382 perisset.
505 1293 582 1376 quia
604 1294 645 1360 ob
668 1299 813 1358 neumam
836 1290 991 1357 Saturnus
1014 1310 1088 1358 non·
1102 1289 1260 1375 crederet,
1290 1309 1360 1356 eam
1382 1311 1435 1376 pe-

328 1405 460 1490 perisse,
483 1402 634 1467 mamillis
656 1402 750 1469 elatis
773 1401 971 1486 expressisse
993 1405 1026 1467 et
1045 1398 1227 1466 ostendisse
1241 1399 1360 1467 lactem
1374 1400 1437 1466 ira·

328 1519 404 1578 tam.
430 1511 565 1577 effusum
588 1516 637 1577 est
657 1511 754 1578 laete:
777 1509 865 1576 facta
886 1516 935 1576 est
957 1508 1067 1575 circuli
1089 1508 1155 1575 albi
1177 1509 1312 1594 species.

329 1733 345 1787 l
367 1735 456 1785 Germ.
476 1748 500 1785 a.
514 1739 655 1784 edd-466
683 1729 697 1802 Η
729 1748 794 1800 qaae
813 1740 938 1785 secantur
958 1731 997 1784 bia
1015 1732 1119 1796 scripio
1138 1737 1199 1784 susi
1219 1733 1245 1783 in
1265 1739 1377 1800 uisoque
1395 1750 1437 1784 co·

329 1821 387 1885 dice
407 1827 434 1871 et
450 1827 513 1871 acie
530 1834 625 1871 aeratis
639 1820 791 1871 Germanici
811 1828 838 1870 et
856 1828 917 1885 poet
937 1836 991 1871 cos.
1011 1820 1129 1885 priorem
1141 1820 1304 1885 scripturam
1315 1821 1371 1886 ΔΡ,
1388 1837 1439 1886 po-

329 1908 470 1957 etes-iorem
491 1906 643 1955 crs‘cotaui
673 1901 687 1973 Η
716 1905 813 1958 20at.
828 1908 921 1956 xm
937 1908 1007 1971 pr.
1020 1908 1050 1956 P.
1064 1906 1094 1956 A.
1108 1908 1183 1956 1148
1211 1903 1225 1976 Η
1255 1907 1347 1958 autem
1365 1904 1438 1963 inter

330 1990 403 2044 caeli
420 2006 490 2044 unus
510 1989 557 2059 qui
575 1991 622 2040 ΔΡ
639 1987 653 2059 Η
671 1991 688 2046 3
707 1990 826 2045 nubibus
845 2010 914 2044 corr.
928 2009 964 2043 ea·
981 1989 1094 2044 nibibus
1113 1995 1136 2043 P
1154 1990 1167 2061 Η
1186 1994 1303 2045 uocatur
1321 1990 1437 2046 denote·

330 2079 375 2130 tur
392 2080 415 2129 P
433 2076 447 2148 Η
468 2075 587 2130 circulus
606 2079 654 2128 ΑΡ
672 2076 685 2147 Η
705 2076 784 2132 41ac
805 2081 908 2129 adstidit
929 2095 941 2130 ε
966 2075 980 2147 Η
1006 2078 1135 2132 mamillis
1155 2098 1203 2132 one.
1223 2083 1246 2129 P
1270 2077 1283 2150 Η
1310 2077 1438 2133 effusisse

332 2167 378 2216 ΔΡ
402 2162 416 2235 Η
441 2162 659 2217 circumaedisse
679 2166 726 2214 ΑΡ
745 2162 757 2234 Η
781 2163 901 2219 ellium
921 2180 1000 2218 suum
1018 2169 1061 2216 Pu
1087 2164 1101 2236 Η
1126 2181 1208 2235 opem
1226 2169 1339 2220 saturno
1358 2169 1406 2218 ΔΡ
1423 2164 1437 2239 Η

332 2266 394 2305 cum
412 2249 441 2302 in
460 2248 582 2320 lapidem
601 2252 648 2301 ΔΡ
671 2249 684 2319 Η
714 2265 776 2302 cum
795 2249 888 2320 lapide
908 2267 981 2306 mors
1001 2271 1019 2303 α
1045 2251 1059 2322 Η
1088 2267 1150 2306 cum
1173 2251 1362 2324 lapidemorso
1381 2272 1403 2306 π
1423 2252 1437 2325 Η

331 2339 348 2393 6
367 2352 429 2390 cum
442 2335 502 2405 Ops
516 2336 636 2390 Saturno
649 2336 772 2408 lapidem
786 2338 946 2391 scisciaco.
967 2338 981 2408 Η
1001 2336 1068 2393 cum¹
1081 2338 1203 2410 lapidem
1223 2341 1249 2394 ei
1263 2339 1323 2410 Ops
1342 2345 1439 2410 scripsi

332 2423 346 2495 Η
376 2424 429 2478 hoc
448 2427 493 2478 est
511 2426 540 2477 et
558 2423 632 2493 quod
651 2427 699 2475 ΔΡ
724 2422 738 2494 Η
767 2424 821 2478 hoc
841 2439 889 2479 eas
908 2425 1001 2496 equod
1026 2445 1043 2477 a
1073 2423 1086 2496 Η
1116 2426 1199 2497 iqui
1217 2431 1303 2480 APcu
1331 2427 1344 2497 Η
1374 2429 1441 2499 qula

331 2515 429 2578 scripsi
448 2509 462 2581 Η
488 2526 570 2582 quem
589 2526 650 2566 cum
668 2530 681 2565 ε
701 2509 715 2582 Η
734 2514 892 2566 ornaturam
911 2533 928 2565 a
953 2514 966 2581 Η
994 2516 1168 2569 ornaturam
1187 2532 1209 2565 π
1234 2512 1247 2585 Η
1274 2513 1440 2571 credederet

332 2618 350 2650 α
371 2595 385 2668 Η
402 2598 457 2652 iam
475 2599 585 2669 perisse
605 2602 652 2652 ΔΡ
671 2596 685 2671 Η
703 2602 722 2657 8
740 2600 830 2654 elatus
849 2605 896 2653 ΔΡ
919 2599 932 2671 Η
957 2602 1151 2673 expraessissc
1172 2606 1192 2653 A
1214 2601 1228 2676 Η
1249 2602 1322 2656 lacte
1341 2602 1441 2658 mnata

330 2687 397 2739 Aua
417 2683 431 2755 Η
450 2684 524 2740 lacte
543 2686 676 2740 mirate?
695 2686 708 2758 Η
728 2687 831 2743 lactem
849 2689 973 2743 iratams
992 2689 1006 2760 Η
1026 2691 1042 2745 9
1061 2676 1177 2745 effusum
1197 2696 1242 2747 est
1259 2689 1356 2745 circui
1375 2690 1438 2758 (cir-

332 2763 403 2829 culis
420 2776 456 2843 A)
474 2775 533 2829 albi
550 2772 664 2844 species
682 2774 864 2848 (albispecies
884 2778 917 2844 Δ)
935 2781 984 2830 ΔΡ
1002 2778 1015 2848 Η
