3254 5202
772 512 1000 581 ..130-

293 704 426 771 smana
446 688 638 770 loqueretur.
666 688 699 747 et
719 684 793 765 post
813 698 952 763 paucum
975 684 1102 762 tempus
1131 697 1202 742 cum
1223 675 1340 759 Priapo
1367 696 1443 742 con·

332 802 466 868 tendere
489 795 594 880 coepit
617 791 658 858 de
681 790 824 855 membro
846 788 995 853 naturali.
1029 787 1166 872 Priapus
1189 782 1443 868 conprehensum

333 913 460 980 asinum
482 904 606 972 occidit.
641 898 760 988 [quem]
783 898 871 963 Iouis
893 897 1049 963 beneficio
1073 917 1131 961 suo
1153 900 1305 975 utrosque
1328 893 1443 958 inmor-

332 1021 388 1088 tali
409 1018 531 1084 honore
557 1012 693 1077 donatos
723 1007 819 1074 astris
845 1005 961 1073 intulit.
995 1010 1044 1070 est
1071 1004 1225 1069 etaltera
1247 1003 1336 1086 origo
1360 1021 1442 1084 quae

304 1131 469 1203 sinfertur
491 1125 532 1190 ab
555 1122 637 1188 aliis.
659 1140 731 1186 cum
751 1117 907 1182 aduersus
929 1114 1076 1198 gigantes
1096 1112 1141 1176 (lii
1161 1111 1281 1189 bellum
1301 1114 1443 1193 agerent,

321 1242 430 1307 *Liber
451 1241 484 1300 et
497 1233 660 1300 Vulcanus
682 1233 713 1292 et
729 1225 830 1310 satyri
850 1223 951 1290 asinis
965 1221 1140 1288 insidentes
1154 1220 1291 1306 profecti
1306 1218 1350 1285 ad
1364 1240 1444 1304 pug-

333 1371 416 1417 nam.
441 1343 529 1429 quod
550 1360 652 1426 genus
674 1338 746 1402 uisu
759 1333 912 1399 tumultus
927 1332 996 1397 diro
1012 1352 1083 1397 cum
1098 1351 1258 1397 murmure
1273 1329 1443 1411 rugissent,

334 1461 481 1546 gigantes
504 1472 613 1517 corum
636 1465 717 1513 uoce
740 1442 843 1509 territi
864 1440 1015 1524 fugerunt
1037 1447 1070 1506 et
1084 1440 1249 1506 confestim
1271 1438 1317 1502 dii
1338 1438 1378 1503 de
1399 1440 1445 1520 gi·

335 1567 488 1653 gantibus
508 1557 794 1644 triumphaucrunt.
818 1558 850 1617 et
871 1552 989 1617 idcirco
1012 1568 1172 1615 unacum
1192 1548 1362 1633 praesepio
1385 1566 1444 1612 suo

299 1713 323 1751 ιο
336 1677 433 1746 astris
460 1677 533 1739 sunt
559 1668 640 1733 illati
670 1663 762 1731 etin
789 1661 880 1746 signo
909 1659 1060 1726 notabilis
1088 1659 1196 1724 cancri
1216 1656 1328 1742 positi,
1354 1657 1445 1723 cuius

335 1805 445 1855 cursus
469 1779 511 1846 ad
534 1796 683 1843 occasum
704 1771 815 1837 tendit.
848 1769 946 1834 habet
976 1775 1083 1834 autem
1109 1768 1219 1834 stelles
1241 1766 1275 1832 in
1297 1752 1449 1832 comibus

335 1892 547 1963 anterioribus
568 1887 651 1952 duas
673 1883 780 1948 claras
793 1886 834 1946 'et
855 1879 936 1944 duas
951 1879 1114 1962 obscuras,
1137 1896 1221 1959 quae
1242 1870 1316 1943 ὄνοι
1337 1876 1445 1960 appel·

251 2136 257 2158 ‘
299 2130 502 2212 auehioulos
528 2124 642 2205 fuisse,
679 2117 795 2200 quibus
821 2114 963 2180 ascensis
990 2118 1199 2179 cumcontra
1226 2112 1373 2198 gigantes
1403 2112 1446 2177 ad

336 2242 457 2309 bellum
478 2232 692 2321 procederent
710 2232 741 2292 et
762 2225 810 2290 illi
832 2224 973 2290 naturali
994 2223 1063 2289 zelo
1080 2223 1208 2288 accensi
1225 2223 1296 2288 uiso
1311 2218 1446 2287 tumultu

300 2379 323 2416 n
337 2353 407 2417 diro
429 2369 501 2415 cum
522 2359 682 2409 murmure
706 2336 874 2418 rugissent,
898 2335 1046 2418 gigantes
1069 2351 1178 2396 eorum
1197 2331 1304 2413 rugitu
1325 2336 1445 2416 perter-

337 2461 388 2525 riti
404 2453 617 2541 conpendium
640 2448 741 2530 fugae
761 2445 960 2529 arripuerint,
983 2448 1015 2507 et
1036 2440 1202 2505 confestim
1216 2439 1262 2504 dii
1277 2439 1317 2506 de
1333 2440 1446 2525 gigan-

336 2571 423 2635 tibus
445 2559 722 2646 triumphauerint‚
752 2562 783 2621 ct
808 2554 928 2620 idcireo
949 2570 1014 2631 ,eos
1037 2570 1102 2615 una
1123 2569 1195 2613 cum
1216 2550 1365 2634 praesepi
1386 2570 1445 2615 suo

336 2683 418 2745 inter
441 2681 529 2742 astra
550 2666 797 2737 conlocauerint.
831 2663 904 2727 talis
933 2659 1062 2744 quidem
1084 2659 1187 2724 extitit
1209 2659 1374 2743 gentilium
1397 2679 1446 2724 so-

337 2788 462 2863 cordia,
493 2784 548 2866 qui
574 2782 653 2847 deos
676 2797 753 2843 suos
773 2794 838 2839 non
859 2770 997 2855 propriis
1019 2769 1116 2833 armis
1137 2787 1199 2833 nec
1220 2767 1356 2852 uiribus,
1388 2767 1446 2832 sed

299 2925 326 2964 ro
338 2898 500 2962 asinorum
515 2889 672 2976 rugitibus
687 2886 822 2969 adeptos
837 2881 936 2946 fuisse
953 2878 1166 2964 opinabantur
1188 2877 1366 2941 uictoriam.
1389 2875 1447 2940 ha-

336 3008 390 3072 bet
411 3003 522 3071 stellas
544 3001 578 3064 in
600 3003 683 3063 testa
703 2968 889 3077 splendidas
911 2989 1008 3068 duas,
1037 2988 1070 3051 in
1100 2986 1226 3051 duobus
1248 2983 1369 3049 dextris
1390 3002 1445 3068 pe-

336 3116 431 3179 dibus
453 3113 488 3176 in
509 3123 703 3189 unoquoque
726 3122 839 3180 unam,
868 3101 902 3164 in
923 3098 1051 3164 sinistro
1075 3095 1182 3179 priore
1204 3095 1301 3170 duas,
1327 3094 1362 3159 in
1385 3100 1446 3158 ter·
1486 3173 1491 3183 ,

298 3383 319 3431 S
373 3380 390 3433 2
410 3376 518 3447 cepits
538 3372 552 3443 Η
571 3372 682 3425 nibros
703 3368 716 3440 Η
738 3366 927 3439 conphensum
945 3369 966 3418 S
985 3363 1000 3435 Η
1021 3378 1210 3433 compressum
1233 3366 1255 3414 V
1275 3358 1288 3430 Η
1308 3361 1326 3414 3
1345 3357 1447 3413 occisit

335 3470 356 3518 S
377 3462 389 3535 Η
411 3479 492 3533 quem
505 3481 551 3516 om.
571 3463 691 3514 Vdeleoi
712 3457 725 3528 Η
746 3456 823 3509 Iouis
843 3458 935 3507 autem
954 3451 1092 3504 beneficio
1110 3449 1199 3520 ntriq3
1223 3453 1246 3500 V
1265 3446 1277 3517 Η
1298 3446 1446 3501 immortali

340 3558 363 3605 V
387 3551 400 3622 Η
426 3548 559 3605 4donati
579 3546 648 3599 astri
667 3548 733 3599 sunt
750 3543 823 3596 illati
847 3548 869 3594 V
897 3541 910 3612 Η
938 3537 1049 3608 5qu0d
1069 3553 1130 3590 cum
1154 3534 1208 3606 Vll
1230 3538 1367 3604 gygantes
1390 3538 1411 3587 V
1431 3532 1444 3603 Η

336 3640 472 3708 eligerent
489 3639 510 3687 S
530 3632 543 3704 Η
564 3636 581 3690 6
600 3632 624 3703 Ἰ·
646 3633 734 3685 Liber
752 3635 772 3683 S
792 3629 805 3701 Η
831 3628 905 3682 idem
924 3625 1012 3680 Liber
1035 3630 1057 3676 V
1080 3623 1092 3695 Η
1119 3623 1231 3677 satirias
1250 3625 1300 3673 SV
1317 3619 1331 3691 Η
1358 3619 1446 3674 asinis

335 3726 477 3777 orribilis
503 3718 516 3792 Η
541 3719 662 3791 profecti
680 3723 745 3774 sunt
767 3722 790 3769 V
813 3715 826 3787 Η
853 3715 949 3769 luiso
967 3712 1086 3765 tumultu
1109 3715 1131 3764 V
1156 3709 1168 3780 Η
1195 3710 1212 3763 8
1231 3711 1366 3777 gygantes
1389 3712 1412 3759 V
1430 3703 1444 3776 Η

324 3810 502 3881 ,gygantibus
527 3813 549 3859 V
568 3809 581 3878 Η
602 3811 618 3863 9
636 3807 741 3860 iccirco
765 3810 786 3856 V
806 3802 819 3873 Η
838 3804 930 3855 unes
952 3800 964 3868 Η
984 3796 1117 3869 presepio
1136 3799 1185 3849 SV
1207 3792 1220 3865 Η
1247 3791 1445 3848 1211111τὶ0τί-

334 3900 388 3952 bus
408 3917 458 3950 om.
476 3901 499 3948 V
517 3893 529 3965 Η
550 3903 645 3956 ΟΝΟι
666 3899 687 3947 S
707 3898 757 3945 luc.
775 3891 868 3958 praela.
892 3892 915 3940 V
932 3884 945 3956 Η

298 4071 322 4118 0
369 4063 404 4117 13
421 4057 558 4113 uehiculis
579 4061 772 4109 fflcntecorr.
786 4051 822 4105 (3⁶
843 4050 857 4119 Η
877 4008 991 4103 1411180
1013 4048 1205 4101 montebon.
1219 4044 1255 4098 (ΞΗ
1276 4043 1290 4115 Η
1310 4045 1344 4100 15
1362 4021 1445 4112 rlgis·

335 4151 400 4201 sent
414 4150 452 4201 Ga
472 4144 484 4216 Η
506 4146 540 4199 16
559 4137 717 4213 conpendio
732 4139 768 4193 G*
788 4140 802 4210 Η
821 4138 886 4205 fuge
902 4136 940 4187 θα
961 4135 973 4202 Η
995 4135 1027 4188 17
1048 4148 1097 4186 eos
1117 4151 1165 4184 om.
1183 4131 1274 4184 (ΗΘΜ
1287 4135 1348 4184 add.
1363 4128 1412 4183 ΘΜ
1431 4129 1445 4200 Η

334 4237 369 4290 18
388 4230 560 4287 conlocare?
577 4234 615 4287 64⁰
634 4228 648 4300 Η
670 4227 887 4282 conlocaucrunt
905 4231 968 4273 arrae
982 4239 1051 4275 corr.
1067 4219 1103 4273 (3⁶
1124 4219 1137 4290 Η
1159 4219 1251 4272 estitit
1270 4221 1294 4272 Θ
1313 4216 1328 4288 Η
1350 4232 1446 4272 socor-

334 4321 380 4375 dio
402 4323 426 4374 θ
446 4321 459 4390 Η
479 4321 513 4374 21
533 4321 609 4372 testo
632 4318 655 4368 θ
676 4316 689 4385 Η
708 4319 787 4369 terto
809 4313 887 4369 (Vol
907 4309 920 4381 Η
940 4310 975 4363 22
993 4301 1130 4376 unoquoq
1148 4308 1171 4360 G
1190 4304 1204 4375 Η
