3252 5204
524 1258 528 1268 ’
567 1309 964 1395 Penunnuuo.

303 1600 439 1701 Claudi
461 1627 613 1693 Caesaris
641 1628 830 1695 Arateorum
858 1629 931 1695 libri
959 1649 1055 1693 manu
1083 1630 1208 1715 scripti,
1239 1653 1320 1714 quos
1354 1670 1358 1677 ·

211 1750 360 1833 equidem
389 1746 550 1830 nouerim,
582 1747 764 1830 interpolati
793 1753 867 1812 sunt
894 1767 1014 1813 omnes.
1058 1747 1144 1812 idern
1172 1752 1320 1831 quamuis

211 1867 314 1933 mutili
337 1867 413 1942 sint,
437 1871 542 1928 tamen
565 1850 719 1948 prospera
740 1864 870 1930 fortuna
891 1865 1012 1931 fatum
1035 1872 1092 1943 est,
1115 1848 1150 1930 u't
1170 1886 1242 1931 eum
1262 1868 1320 1932 alii

210 1986 292 2050 alios
307 1983 478 2067 suppleant
493 1982 607 2048 saltem
622 1981 849 2048 Phaenomena
869 1983 995 2066 integra
1017 1982 1086 2048 lere
1108 1987 1318 2050 seruauerint.

209 2078 489 2185 interpolationum
504 2106 610 2164 autem
625 2101 688 2167 trie
703 2084 776 2167 sunt
790 2120 920 2184 genera,
944 2120 1077 2183 quorum
1099 2122 1207 2182 unum,
1232 2105 1320 2186 quod

175 2292 179 2298 ,
210 2221 349 2289 omnium
372 2219 516 2284 codicum
539 2225 588 2284 est
610 2240 790 2304 commune,
822 2219 885 2283 iam
914 2226 989 2285 ante
1016 2221 1177 2286 saeculum
1199 2240 1319 2286 nonum
1347 2260 1351 2267 -

210 2345 312 2403 ortum
335 2343 393 2403 est.
431 2336 609 2429 continetur
631 2345 738 2404 autem
760 2339 888 2403 duabus
910 2335 1218 2422 interpolationibus,
1241 2357 1319 2420 qua-

209 2470 278 2521 rum
300 2457 402 2522 altera
423 2454 508 2522 faeta
530 2463 578 2523 est
599 2457 661 2546 ita,
690 2464 725 2522 ut
750 2457 845 2522 homo
869 2455 985 2537 aliquis
1008 2477 1065 2539 pro
1087 2475 1219 2521 suorum
1241 2461 1317 2520 tem-

208 2597 321 2660 porum
345 2573 527 2640 conditione
550 2573 663 2640 doctus
685 2574 776 2640 Arati
798 2592 911 2638 uersus

251 2697 312 2763 541
338 2689 438 2759 ὅσσον
461 2687 494 2758 δ’
514 2687 713 2779 ὀφθαλμοῖο
736 2691 831 2773 totis
854 2686 1069 2758 ἀποτείνεται
1092 2685 1189 2779 αὐγῇ,

251 2815 315 2880 542
337 2804 448 2889 ἑξάκις
470 2804 511 2875 tls
532 2806 636 2896 τόσση
657 2834 716 2893 μιν
737 2803 959 2899 insuentium.
983 2804 1090 2907 αὐτὰρ
1113 2802 1233 2896 ἑκάστη

253 2933 316 2995 543
339 2924 395 3013 ἴση
417 2933 623 3016 μετρηθεῖσα
646 2925 716 2995 δύω
739 2929 974 3016 περιτέμνεται
996 2924 1110 3017 ἄστρα,

210 3066 280 3110 oum
296 3046 486 3112 Germanico
510 3046 644 3113 uidisset
665 3048 811 3131 intactos,
834 3048 963 3132 proprio
979 3049 1082 3114 Marte
1096 3048 1234 3113 barbare
1249 3066 1318 3111 uer-

209 3169 288 3230 teret
311 3170 406 3247 atque
430 3168 577 3252 exemplo
601 3185 659 3229 suo
682 3164 859 3249 affingeret.
899 3173 972 3232 sunt
993 3173 1101 3233 autem
1123 3164 1157 3228 hi

249 3287 312 3352 526
335 3286 369 3348 τ’νι
391 3309 448 3350 sec
469 3288 661 3375 siynt'feram
683 3288 716 3350 σι’
734 3287 806 3372 qaia
829 3286 977 3351 dieieerit
999 3288 1103 3352 orbem

172 3424 180 3442 ¹
250 3406 312 3471 527
336 3405 481 3490 aequalis
501 3418 619 3490 pectes,
643 3406 819 3469 succumbet
839 3405 952 3491 recula
974 3406 1057 3470 binis

250 3525 313 3589 528
335 3523 472 3608 inferior
494 3525 601 3609 stante
619 3523 719 3608 spatii
738 3535 919 3607 tentumque
941 3524 1053 3588 tenebit

250 3644 313 3727 529
335 3665 409 3723 aaa,
432 3644 487 3706 sut
507 3640 617 3708 leteris
639 3653 791 3725 quantam
812 3665 833 3704 ο
855 3641 965 3707 tellure
987 3642 1120 3726 cecedit,-

250 3762 314 3827 530
336 3783 391 3823 nec
414 3771 516 3823 tamen
539 3760 691 3823 Ῐιινοιανιοε
712 3760 801 3821 uisus
813 3759 908 3842 fucit
930 3759 1059 3825 altimus
1081 3763 1174 3827 orbis.

209 3875 255 3940 sie
278 3874 361 3939 enim
386 3878 494 3961 σχῆμα
516 3873 597 3939 illud
619 3868 784 3961 ἑξάγωνον
806 3874 863 3940 καὶ
883 3870 1129 3963 φυσικώτατον,
1157 3884 1191 3942 ut
1213 3881 1317 3944 estin
1379 3948 1385 3959 ‚

208 3972 339 4058 scholiis
362 3990 406 4057 ad
427 3994 516 4059 Arati
538 4012 668 4059 uersum
689 3997 767 4071 541,
796 3991 977 4077 significare
1000 3994 1115 4074 uoluit,
1144 3995 1318 4078 quodnisi
1365 4037 1372 4049 ·

209 4111 315 4175 animo
331 4109 471 4189 finxeris,
496 4109 574 4193 quid
595 4111 658 4175 ista
680 4110 794 4194 regula
816 4109 949 4175 inferior
971 4131 1128 4196 suumque
1150 4115 1233 4180 latus
1256 4112 1317 4201 sibi

209 4229 323 4307 uelint,
346 4249 411 4293 non
432 4227 623 4312 intelleges„
645 4247 721 4293 nam
744 4226 867 4292 zodiaci
893 4228 927 4293 in
953 4248 1011 4294 sex
1033 4236 1141 4313 pantes
1162 4231 1317 4312 aequales

209 4345 302 4411 diuisi
325 4345 472 4429 singulae
493 4350 600 4430 partes
622 4345 743 4431 regulis
766 4343 849 4414 inter
870 4365 907 4414 se
929 4347 1117 4417 coniunctae
1138 4347 1185 4414 ita
1206 4350 1241 4413 ut
1262 4343 1317 4413 tat
