3254 5202
611 518 823 611 ..69]-

163 694 219 760 riis
240 697 402 778 praesunt.
446 690 522 756 item
543 689 620 756 dicit
643 690 805 756 Castorem
828 695 859 754 et
880 688 1042 756 Pollucem
1064 685 1267 775 Tyndaridas

163 803 361 888 geminorum
376 801 496 866 honore
512 800 688 878 decoratos,
704 797 791 881 quod
804 798 838 863 hi
853 798 1012 884 principes
1025 799 1169 866 dieantur
1179 817 1267 864 mare

163 918 265 978 tutum
287 939 307 976 o
328 909 544 995 praedonibus
571 907 799 990 maleficiisque
825 914 973 992 pacatum
1001 906 1191 975 reddidisse.
1236 912 1268 972 ct

164 1044 227 1105 quo
249 1023 282 1086 in
305 1028 448 1113 tempore
470 1017 693 1101 nauigauerint
716 1038 788 1083 cum
808 1018 924 1083 Iasone
946 1022 1041 1098 atque
1062 1015 1202 1085 Hercule
1223 1018 1267 1087 ad

162 1132 281 1216 pellem
292 1131 471 1195 inauratam
488 1126 697 1194 auferendam
712 1127 819 1191 multis
834 1124 998 1191 laboribus
1012 1128 1267 1209 tempestatibus·
1291 1153 1303 1190 a

49 1271 63 1283 ·‹
165 1262 225 1324 que
248 1238 426 1317 conflictati,
449 1238 663 1322 periculorum
685 1242 780 1319 atque
802 1235 980 1300 animarum
1003 1237 1133 1320 experti,
1155 1237 1266 1322 inpen-

164 1350 216 1415 dio
239 1349 345 1433 potius
368 1367 462 1430 quam
484 1345 634 1415 libentius
658 1345 845 1429 nauigantes
868 1344 1032 1411 laboribus
1047 1345 1186 1414 liberare
1202 1353 1266 1414 stu-

163 1459 301 1524 duerunt
317 1456 483 1544 [auxilium
499 1454 583 1521 ferre
596 1455 802 1541 precantibus
816 1454 1042 1543 institueruntl.
1070 1456 1178 1539 itaque
1194 1477 1265 1523 oum

163 1569 204 1633 ab
226 1549 311 1633 Ioue¹
326 1573 399 1633 sunt
420 1566 496 1634 elati
510 1566 691 1649 petiuerunt
703 1587 726 1631 a
740 1569 832 1651 patre
855 1564 915 1629 sibi
937 1564 1049 1630 haeret
1069 1566 1103 1631 in
1118 1587 1157 1634 eo
1173 1570 1264 1636 eaelo

162 1677 326 1757 constitui,
357 1677 442 1742 unde
471 1676 656 1743 mortalibus
688 1674 879 1741 auxiliantes
906 1673 1089 1759 prospicere
1121 1684 1263 1762 possent.
1278 1703 1303 1743 ro

163 1807 242 1870 quas
265 1787 307 1851 ob
330 1807 381 1853 res
403 1786 500 1852 uenia
521 1784 597 1850 data
611 1785 771 1851 inmortali
786 1785 940 1850 memoria
954 1784 1088 1869 locoque
1104 1788 1266 1855 constituit

162 1911 195 1962 at
215 1896 378 1979 plerisque
399 1894 586 1961 mortalibus
610 1893 822 1983 [auxiliantes]
845 1895 979 1978 gratiam
1001 1904 1189 1982 conspectus
1211 1918 1265 1965 ex·
1302 1877 1311 1887 N

161 2006 301 2072 hibeaut.
350 2011 424 2072 sunt
453 2006 507 2088 qui
533 2006 644 2071 dicunt
671 2005 840 2071 Herculem
869 2019 897 2071 er
924 2004 1083 2071 Theseum
1111 2028 1182 2075 esse
1209 2010 1265 2093 qui

161 2116 359 2200 geminorum
381 2116 568 2183 memoriam
594 2115 756 2200 publicam
782 2114 950 2199 possident
970 2115 1058 2194 ideo,
1085 2117 1172 2199 quod
1199 2119 1264 2186 duo

160 2223 299 2289 maxime
327 2224 473 2293 dicuutur
500 2225 650 2292 artissimi
678 2225 845 2291 sodalitate
870 2225 1005 2308 parique
1030 2226 1189 2296 industria
1218 2237 1263 2297 at
1276 2255 1301 2294 rs

162 2352 223 2416 que
239 2335 372 2420 egregia
394 2337 511 2402 uirtute
534 2335 675 2402 decorati
696 2335 916 2421 sapientiaque
941 2336 1054 2402 ceteris
1075 2340 1264 2408 mortalibus

161 2451 370 2527 praestantes.
418 2464 556 2529 namque
589 2446 743 2510 Hercules
775 2443 943 2509 duodecim
976 2446 1072 2512 athlis
1104 2448 1263 2535 perfectis,

162 2574 245 2637 quae
267 2556 309 2621 ab
331 2557 510 2641 Eurystheo
534 2560 608 2623 sunt
630 2554 659 2619 ei
681 2555 846 2638 imperata,
869 2558 1000 2637 propter
1013 2553 1146 2625 maome
1163 2558 1264 2625 Iouis·

161 2684 223 2747 que
250 2666 455 2731 certationem
487 2665 674 2731 mortalibus
702 2646 890 2730 memoriam
924 2663 1136 2732 contentionis
1164 2667 1263 2734 admi·

133 2840 138 2853 ’
160 2859 175 2913 1
194 2837 310 2931 pressino
327 2861 350 2908 r
369 2854 385 2933 Η
403 2856 461 2911 rar
480 2861 503 2907 r
521 2833 534 2924 Η
553 2852 707 2909 suaseras
725 2859 748 2906 r
771 2852 785 2925 Η
808 2853 825 2907 a
843 2853 882 2907 uu
899 2858 948 2904 rr
965 2852 979 2925 Η
1004 2855 1022 2910 e
1039 2858 1129 2913 aarum
1146 2861 1195 2910 ar
1213 2855 1226 2931 Η
1246 2875 1265 2927 s

159 2963 243 3011 morp.
257 2963 349 3012 opopr.
362 2948 455 2997 Bercl.
478 2941 492 3014 Η
511 2938 712 3011 mulieribus
734 2941 747 3011 Η
768 2940 930 2995 reddisseA
951 2939 965 3011 Η
986 2945 1003 2998 6
1021 2943 1172 3000 animorum
1184 2950 1230 2999 ΑΡ
1248 2946 1262 3020 Η

158 3032 308 3086 animarum
320 3036 415 3100 scripsi
430 3029 442 3102 Η
457 3030 610 3085 nimborum
622 3046 633 3081 ε
649 3027 662 3097 Η
676 3028 694 3083 8
705 3029 902 3099 praecentibus
914 3033 963 3082 ΔΡ
974 3030 987 3101 Η
1000 3047 1028 3101 p.
1041 3031 1206 3091 studuerunt
1216 3040 1240 3087 P
1249 3034 1263 3107 Η

158 3119 514 3177 canthum-instituerunt
532 3121 618 3170 ‹leleui
637 3120 670 3184 cf.
686 3120 717 3168 de
730 3121 758 3171 P.
771 3118 876 3184 Napaei
889 3121 987 3184 frepus.
1000 3137 1025 3186 p.
1036 3124 1071 3170 23
1090 3118 1103 3192 Η
1124 3120 1160 3178 10
1174 3123 1265 3192 gratia

158 3210 312 3278 conspectu
323 3207 474 3262 liberantur
487 3210 508 3258 Δ
523 3204 537 3275 Η
552 3205 584 3259 11
597 3203 662 3257 ueni
675 3202 710 3257 ad
723 3207 745 3254 Α
762 3202 776 3273 Η
791 3204 869 3258 uenit
881 3203 917 3258 ad
929 3209 952 3257 Ρ
965 3204 979 3276 Η
995 3205 1077 3263 uenia
1090 3206 1157 3263 data
1167 3215 1264 3279 seraa

160 3291 174 3364 Η
187 3295 221 3348 12
232 3297 264 3347 ut
277 3297 380 3349 addidit
395 3313 407 3348 ε
427 3295 440 3365 Η
462 3292 628 3348 auxiliantes
642 3294 727 3345 deleas·
748 3289 762 3362 Η
781 3293 872 3362 gratia
884 3298 1037 3364 conspectu
1048 3299 1096 3348 ΑΡ
1113 3293 1127 3367 Η
1143 3298 1264 3370 ,ματίῃ

158 3384 327 3452 conspectus
339 3387 436 3449 scripsi
457 3381 470 3451 Η
491 3381 524 3436 13
542 3379 728 3434 liberanturA
751 3378 763 3451 Η
783 3380 920 3451 praebent
931 3386 955 3433 P
971 3379 985 3453 Η
1006 3383 1180 3439 exhibeantr
1200 3383 1223 3457 Η
1234 3391 1264 3442 et

159 3472 251 3521 astolidi
271 3467 286 3540 Η
304 3469 484 3524 thesbinmA
506 3466 519 3537 Η
543 3466 664 3521 tesbium
683 3471 705 3518 P
728 3463 742 3538 Η
766 3466 906 3521 Theseum
925 3471 1070 3525 Meri-elios
1094 3469 1108 3543 Η
1134 3472 1262 3543 quiesse

158 3557 313 3627 genitorum
332 3553 545 3627 (genitorom'ri¹
558 3565 626 3607 terre
641 3558 795 3623 literatior.)
815 3556 948 3611 memoria
964 3557 1095 3628 populum
1113 3559 1262 3630 possidere

157 3648 205 3696 ΑΡ-
228 3643 241 3714 Η
266 3660 330 3699 esse
349 3644 395 3714 qui
414 3642 583 3713 geminorum
601 3641 760 3696 memoriam
778 3641 918 3712 publicam
937 3644 1087 3715 possident
1104 3649 1202 3714 scripsi
1226 3652 1263 3715 of.

157 3751 232 3800 prop.
247 3736 324 3787 Poro.
343 3740 399 3799 po
419 3730 431 3800 Η
453 3730 648 3799 Theseumque
667 3745 730 3784 esse
750 3729 883 3797 geminos.
903 3746 995 3785 eorum
1013 3732 1175 3791 memoriam
1191 3735 1263 3791 hunc

158 3820 249 3874 locum
267 3816 413 3890 possidere
434 3836 445 3872 ε
471 3815 484 3889 Η
510 3817 545 3872 14
561 3816 590 3870 hi
609 3816 723 3886 quoda
747 3814 761 3888 Η
786 3808 820 3869 idv
833 3815 908 3886 quod
926 3821 949 3868 P
972 3817 984 3888 Η
1010 3818 1043 3875 15
1061 3821 1190 3889 maxime}
1207 3828 1231 3875 P
1249 3821 1264 3895 Η

158 3909 192 3965 16
210 3908 336 3977 egregrie
355 3911 377 3957 P
395 3902 408 3977 Η
430 3903 589 3959 decoratisa
606 3904 681 3974 piaq.
700 3908 723 3956 A
741 3905 762 3975 Η
788 3904 947 3960 decoration
964 3906 1013 3977 pia
1032 3924 1085 3983 quo
1104 3913 1127 3960 P
1147 3906 1160 3981 Η
1180 3909 1263 3965 <leco-

156 3996 210 4049 rati
228 3994 423 4066 sapientiaque
441 4011 453 4046 ε
473 3992 486 4063 Η
512 3991 686 4047 immortalib.
705 3995 845 4046 restantes
864 3998 885 4044 Α
908 3991 922 4063 Η
946 3994 1113 4051 inmortalib.
1132 3997 1263 4053 restanti-

155 4083 244 4137 bus?
264 4081 277 4153 Η
298 4080 461 4137 mortalibus
480 4084 657 4151 praestantes
676 4098 687 4133 ε
709 4078 722 4148 Η
743 4080 775 4134 17
794 4080 859 4134 arbo
872 4083 920 4132 ΔΡ
938 4080 952 4151 Η
971 4081 1135 4155 periochae
1154 4085 1189 4139 ab
1208 4090 1231 4137 P
1249 4083 1263 4157 Η

157 4169 192 4224 18
210 4171 380 4238 eurystcou
408 4168 423 4237 Η
447 4167 568 4222 euristso
586 4172 609 4219 P
631 4165 645 4238 Η
671 4167 697 4220 ei
716 4186 764 4224 om.
783 4171 806 4218 P
828 4166 851 4239 Η
866 4169 901 4224 19
918 4169 1028 4224 mortali
1046 4172 1178 4226 memoria
1196 4187 1263 4228 con·

157 4254 291 4309 tentionis
310 4255 494 4310 animantibus
513 4254 537 4308 dr
554 4253 675 4326 putando
695 4255 848 4327 (putandos
867 4260 903 4322 P)
923 4272 1008 4312 causa
1026 4261 1072 4310 ΑΡ
1097 4257 1114 4330 Η
1140 4257 1263 4314 mortali·

157 4341 210 4396 bus
230 4340 346 4415 gloriam
359 4341 528 4417 (memoriam
541 4339 599 4413 epo)
619 4341 806 4399 contentionis
825 4341 1024 4404 admirantibus
1039 4341 1091 4418 [et]
1105 4348 1213 4421 partem
1229 4361 1264 4405 ea
