3254 5202
799 492 1012 558 ...96-

356 676 391 727 at
413 661 586 746 oportebat,
610 681 682 727 eum
696 668 880 730 uenatorem
896 662 1069 742 finxissent,
1093 660 1261 733 uoluerunt
1283 659 1378 726 etiam
1400 662 1455 729 too

355 772 533 853 significare
563 771 671 855 aliqua
699 771 739 837 de
767 792 873 838 eausa.
902 773 1009 854 itaque
1036 773 1203 855 leporem
1230 772 1260 838 ei
1287 770 1329 836 ad
1355 770 1455 855 pedes

355 879 530 963 fugientem
552 881 721 961 finxerunt,
745 901 839 963 quern
860 882 1004 949 nonnulli
1026 903 1046 948 a
1068 882 1223 950 Mercurio
1253 882 1455 959 constitutum

355 990 504 1058 dixerunt
531 992 624 1075 eique
646 991 754 1056 datum
777 998 902 1077 praeter
924 1000 1029 1059 cetera
1051 1012 1171 1076 genera
1193 992 1393 1073 animalium,
1422 998 1456 1056 ut
1499 1018 1502 1025 ⁴

329 1103 436 1168 sotim
460 1118 599 1189 pareret,
633 1102 713 1169 alios
741 1103 874 1168 haberet
900 1103 933 1168 in
960 1110 1079 1172 uentre.
1111 1104 1165 1186 qui
1192 1108 1297 1169 autem
1324 1104 1364 1169 ab
1394 1101 1455 1168 hac

355 1231 453 1278 causa
474 1212 676 1294 dissentiunt,
710 1218 830 1297 negant
854 1212 1035 1301 [oportere]
1062 1218 1127 1279 tam
1153 1213 1293 1280 nobilem
1326 1217 1455 1296 tamque

354 1342 504 1404 magnum
537 1328 738 1403 uenatorem‚
771 1321 812 1387 de
846 1342 908 1404 qno
942 1329 1016 1389 ante
1049 1323 1083 1388 in
1113 1324 1289 1407 scorpionis
1317 1324 1455 1389 diximus

353 1431 444 1516 signo
473 1439 504 1498 et
525 1439 638 1516 postea
659 1433 693 1498 in
714 1432 813 1517 ipsius
835 1432 937 1517 figura
958 1432 1118 1513 dicemus,
1141 1437 1288 1518 oportere
1300 1435 1393 1522 fiagri
1411 1434 1455 1499 le·

352 1562 462 1627 porem
490 1543 614 1623 nenari3
644 1543 871 1609 Callimachum
901 1563 1028 1627 quoque
1056 1544 1228 1623 accussari‚
1256 1542 1355 1627 qnod,
1384 1564 1454 1609 cum

318 1653 482 1719 roDianae
505 1655 657 1720 scriberet
678 1654 799 1739 laudes,
823 1675 895 1721 eam
915 1655 1059 1740 leporino
1082 1654 1239 1736 sanguine
1261 1653 1402 1737 gaudere
1424 1659 1455 1719 et

353 1783 410 1829 eos
437 1765 549 1829 uenari
576 1766 700 1832 dixerit.
739 1767 848 1848 itaque
878 1766 999 1832 Oriona
1025 1787 1095 1832 cum
1122 1771 1212 1830 tauro
1241 1764 1454 1831 decertantem

352 1873 502 1941 fecerunt.
531 1876 650 1960 leporis
677 1882 783 1942 autem
809 1876 891 1942 hanc
916 1876 1081 1942 historiam
1109 1875 1280 1941 memoriae
1307 1875 1455 1959 prodide-

352 1991 439 2051 runt:
473 1993 548 2071 aput
576 1987 723 2071 antiquos
750 1991 785 2053 ta
805 1987 910 2053 insula
932 1988 1014 2052 Lero
1037 1987 1157 2052 nullum
1180 1987 1323 2071 leporem
1344 1983 1454 2064 fuisse,

353 2095 411 2161 sed
433 2116 473 2162 ex
495 2117 604 2163 eorum
627 2097 754 2163 ciuitate
776 2097 1051 2164 adulescentulum
1074 2097 1233 2181 quondam
1256 2097 1360 2164 studio
1381 2098 1455 2179 tge·

316 2206 438 2271 oneris
469 2208 630 2275 indoctam
656 2210 697 2274 ab
720 2213 848 2273 exterae
871 2207 973 2292 gentis
995 2207 1111 2273 finibus
1133 2209 1275 2292 leporem
1302 2205 1454 2272 feminam

351 2323 581 2399 praegnantem
604 2319 755 2385 adtulisse
777 2317 865 2382 etad
880 2316 950 2383 cius
964 2323 1089 2401 parturn
1112 2316 1356 2399 diligentissime
1371 2335 1454 2398 quae

353 2444 433 2509 opus
456 2434 563 2493 essent
584 2428 833 2495 administrasse.
863 2428 970 2521 itaque
992 2448 1062 2493 oum
1085 2427 1263 2513 peperisset
1284 2425 1454 2509 compluris

352 2535 420 2601 eius
449 2536 587 2603 ciuitatis
618 2537 661 2603 ad
687 2542 769 2607 idem
799 2540 937 2605 studium
965 2538 1115 2604 incidisse
1145 2545 1177 2605 et
1202 2542 1324 2621 partem
1351 2534 1453 2618 pretio

347 2661 471 2732 portem
498 2649 651 2715 beneficio
679 2656 834 2715 mercatos
859 2648 964 2736 [esse]
993 2669 1103 2715 omnes
1124 2648 1252 2732 lepores
1273 2647 1360 2712 alere
1383 2664 1454 2710 coe·

352 2843 367 2897 1
386 2846 418 2896 ut
435 2847 528 2897 addidi
540 2863 575 2898 aa
587 2849 693 2913 priao
714 2846 725 2919 ΙΙ
746 2846 861 2901 finxisse
874 2850 922 2899 ΔΡ
940 2845 953 2917 Η
973 2845 1120 2900 finxissent
1138 2848 1235 2914 Hygia.
1256 2843 1269 2915 Η
1289 2844 1342 2897 hoc
1362 2844 1453 2894 addidi

352 2948 387 2983 aa
406 2935 511 3000 Hypioo
532 2930 546 3004 Η
566 2934 583 2987 2
602 2950 656 3004 qua
675 2932 709 2987 de
729 2951 814 2989 eausa
832 2954 843 2989 s
864 2933 878 3006 Η
897 2935 1021 3006 leporem
1040 2952 1108 2987 corr.
1123 2951 1158 2986 ex
1175 2933 1299 3003 leporem
1318 2935 1340 2982 Ρ
1357 2928 1371 3001 Η
1392 2929 1451 2982 eius

352 3022 374 3070 Ρ
393 3018 406 3089 Η
426 3021 443 3075 3
461 3019 636 3089 figientemd
656 3019 670 3092 Η
689 3021 798 3093 disque
812 3028 859 3076 ΑΡ
877 3021 891 3093 Η
912 3023 992 3093 eique
1007 3026 1103 3090 lippia.
1125 3020 1139 3093 Η
1157 3023 1307 3091 propter?
1324 3017 1337 3089 Η
1358 3017 1453 3087 lepore

352 3121 455 3175 genera
468 3110 514 3158 ΑΡ
532 3105 546 3179 Η
567 3111 660 3162 cetera
672 3124 776 3178 genera
788 3114 886 3178 lippia.
899 3108 915 3181 Η
930 3111 947 3165 5
960 3108 1031 3163 alios
1044 3112 1156 3179 pareret
1169 3112 1260 3161 addida·
1273 3124 1308 3160 ee
1321 3108 1425 3173 Hypios
1437 3100 1450 3173 Η

351 3178 454 3262 ιιῐῗίἰοε
469 3197 490 3245 Ρ
507 3193 521 3265 Η
542 3197 558 3250 6
571 3200 700 3266 oportere
714 3200 800 3250 detenet
815 3195 828 3267 Η
843 3199 971 3267 inagna
984 3214 1051 3249 corr.
1066 3214 1100 3249 en
1111 3211 1211 3265 magno
1225 3199 1247 3246 Ρ
1263 3194 1276 3266 Η
1297 3192 1331 3246 de
1345 3211 1393 3247 om.
1403 3194 1426 3242 P
1438 3186 1451 3259 Η

351 3281 499 3350 scorpione
519 3285 540 3333 Δ
563 3281 576 3352 Η
602 3268 748 3354 scorpionis
769 3289 790 3335 Ρ
809 3283 821 3354 Η
843 3283 998 3354 scorpionis
1019 3287 1115 3351 Hypso.
1134 3286 1166 3335 de
1179 3283 1226 3335 too
1239 3285 1295 3334 loco
1315 3284 1452 3347 oppropr.

350 3404 465 3455 Posses.
484 3411 538 3469 po
559 3402 572 3474 Η
592 3377 709 3470 dicimus
729 3408 750 3457 A
773 3403 786 3475 Η
807 3403 924 3458 dicimus
944 3410 966 3457 Ρ
984 3405 996 3476 Η
1022 3377 1220 3476 Soportdred
1243 3399 1255 3473 Η
1276 3400 1341 3470 fingi
1360 3401 1452 3451 addidi

351 3507 387 3543 ea
399 3493 504 3558 lippiae
525 3487 539 3560 Η
558 3490 574 3545 9
588 3489 767 3546 Gallimaeum
780 3511 848 3545 corr.
863 3510 898 3545 ea
911 3490 1085 3545 Gallimatum
1099 3497 1122 3544 P
1139 3491 1152 3562 Η
1173 3490 1355 3547 accussared
1372 3485 1385 3556 Η
1406 3501 1451 3539 ac-

351 3592 448 3631 cusare
467 3582 488 3628 Ρ
507 3575 519 3648 Η
541 3578 575 3633 10
593 3578 738 3633 scribctA
761 3576 774 3650 Η
795 3595 856 3632 enm
875 3584 896 3631 A
919 3577 933 3657 Η
953 3579 1013 3633 eius
1034 3577 1086 3650 ΡΗ
1111 3595 1172 3633 earn
1191 3583 1312 3647 Hyptoas
1335 3575 1349 3646 Η
1374 3575 1451 3644 lepo-

350 3664 409 3749 rind
426 3685 450 3733 Ρ
467 3681 480 3752 Η
500 3683 532 3737 11
553 3681 621 3737 deos
634 3687 683 3735 ΑΡ
701 3683 714 3753 Η
734 3700 784 3739 eos
803 3688 924 3751 lippinus
943 3683 955 3755 Η
978 3685 1319 3750 d'oltimoed.tyoro.1112
1337 3682 1369 3752 τῇ
1386 3677 1452 3739 τόξα

349 3771 516 3838 λαγωβολίαι
534 3787 561 3822 τε
578 3773 709 3841 μέλονται
735 3770 748 3843 Η
774 3773 808 3826 12
827 3772 940 3826 storiam
958 3771 1088 3842 memorip
1108 3774 1129 3822 Α
1152 3769 1166 3841 Η
1191 3766 1452 3839 memoriamemorie

351 3861 372 3907 Ρ
390 3855 402 3927 Η
424 3859 457 3914 13
475 3856 548 3928 apud
562 3862 585 3909 Ρ
601 3856 615 3928 Η
635 3859 664 3912 in
677 3862 769 3912 addidi
783 3877 819 3912 ea
831 3865 936 3927 cypreo
957 3857 970 3930 Η
990 3860 1025 3915 14
1037 3857 1302 3912 aduliscentulnmA
1324 3855 1337 3927 Η
1358 3854 1451 3912 studio

351 3942 472 3998 Veneris
491 3964 502 3997 ε
527 3944 539 4016 Η
565 3946 757 4016 renouatum
777 3951 869 4000 scidisti
888 3950 1042 4014 eallpyiao
1067 3944 1080 4016 Η
1106 3946 1209 4000 exteris
1228 3949 1276 3999 ΔΡ
1299 3944 1312 4016 Η
1338 3947 1451 3997 exterae

351 4033 449 4098 lippia.
469 4029 482 4100 Η
502 4033 536 4087 16
553 4038 733 4102 pregnantem
751 4038 798 4087 ΑΡ
815 4034 828 4104 Η
849 4032 985 4087 adtulisse
1008 4034 1100 4084 addidi
1119 4051 1154 4086 ea
1166 4037 1272 4101 prtoo
1293 4031 1306 4103 Η
1327 4032 1360 4087 18
1377 4030 1451 4084 idem

349 4144 442 4193 addidi
455 4158 491 4192 ec
503 4145 607 4208 prtoo
628 4145 641 4212 Η
661 4149 768 4215 partem
786 4145 877 4215 pretio
896 4119 992 4214 (pidrio
1006 4145 1041 4211 Δ)
1054 4143 1191 4200 beneficio
1205 4143 1347 4213 (benefitio
1361 4144 1392 4211 Ρ)
1406 4146 1427 4193 A
1432 4147 1453 4193 P
1488 4162 1490 4165 ·

351 4224 363 4298 Η
388 4229 495 4298 partem
513 4228 604 4298 pretio
623 4235 729 4300 partem
747 4229 883 4285 beneficio
903 4235 1085 4284 Strozztoaos
1111 4232 1125 4302 Η
1150 4234 1183 4287 19
1202 4248 1266 4286 esse
1284 4236 1384 4285 «telonio
1403 4248 1415 4282 ε
1436 4227 1450 4299 Η

348 4314 518 4370 laeboresA
541 4315 556 4388 Η
577 4318 719 4388 coepisset
737 4323 760 4371 Δ
778 4318 791 4389 Η
812 4322 937 4393 cepisset
953 4323 977 4371 Ρ
995 4318 1008 4390 Η
1028 4320 1158 4390 coepisse
1175 4324 1241 4387 Hyp.
1262 4318 1276 4390 Η
