3254 5202
766 495 1002 561 -156-

290 670 316 735 S
328 671 442 748 torque
456 648 598 748 Iuppiter
620 665 713 730 astris
737 683 808 729 eum
830 661 977 729 intulisse
1001 660 1127 743 dicitur,
1150 659 1238 741 quod
1254 659 1323 724 eius
1340 679 1443 744 opera

309 774 376 839 'dii
398 774 510 838 armati
531 781 647 858 essent,
669 775 745 838 item
766 777 901 836 matrem
926 769 995 834 eius
1019 788 1158 852 capram.
1183 774 1215 834 et
1236 769 1323 851 quod
1346 769 1442 834 coch-

328 885 385 949 lon
406 882 582 949 inuenisset
602 883 636 947 in
658 883 748 960 mari,
770 879 845 945 ideo
868 879 965 963 piscis
989 878 1093 944 cauda
1108 898 1182 944 esse
1197 884 1349 944 notatum.
1384 877 1443 942 Ni·

330 991 436 1073 gidius
459 990 498 1056 de
522 992 708 1075 capricorno
732 989 779 1056 sic
800 988 912 1054 refert:
948 989 1111 1054 inmortali
1133 989 1255 1054 honore
1278 986 1441 1064 donatum,

304 1120 393 1182 squo
416 1100 450 1164 in
471 1104 615 1185 tempore
630 1100 768 1184 Typhon
790 1100 823 1164 in
845 1103 951 1163 monte
965 1101 1073 1164 Tauro
1097 1099 1283 1184 speluncam
1306 1096 1443 1162 haberet

219 1204 223 1211 ’
329 1214 361 1275 et
377 1212 557 1296 Aegyptum
572 1209 735 1275 incoleret.
758 1216 793 1274 at
814 1210 924 1275 Iouem
948 1228 1135 1275 consessum
1158 1207 1319 1292 habuisse,
1345 1227 1440 1290 quem

330 1320 374 1385 ad
402 1320 531 1385 modum
561 1318 606 1383 dii
633 1325 765 1401 possent
793 1319 962 1395 obsistere,
996 1338 1067 1382 cum
1099 1318 1148 1383 eis
1174 1315 1342 1383 consilium
1372 1317 1442 1382 Pan

330 1430 437 1506 daret,
465 1427 494 1493 si
520 1447 625 1510 neque
653 1433 757 1493 terras
784 1428 965 1511 relinquere
992 1427 1113 1493 uellent
1141 1445 1246 1507 neque
1274 1427 1440 1512 Typhonis
1530 1490 1533 1493 ,

332 1538 514 1604 inmanitati
534 1536 684 1602 resistere
707 1537 752 1601 dii
774 1542 915 1620 possent,
940 1540 974 1599 ut
997 1535 1140 1600 consulte
1162 1534 1282 1619 figuras
1304 1535 1441 1600 inmuta·

296 1673 321 1711 ro
333 1653 411 1731 rent,
435 1647 468 1711 in
492 1667 587 1729 quam
604 1645 675 1728 quis
698 1646 796 1711 uellet
810 1663 867 1711 seu
882 1643 1018 1710 bestiam
1042 1664 1098 1709 seu
1114 1644 1277 1709 uolucrem
1298 1664 1356 1710 seu
1377 1644 1442 1727 pis·

332 1776 400 1821 cem
423 1755 631 1841 pecudemue.
676 1755 765 1819 Pana
794 1774 829 1819 se
850 1755 884 1818 in
907 1774 1036 1838 capram
1057 1757 1298 1820 transmutasse.
1333 1753 1440 1836 itaque

249 1938 252 1945 ‚
331 1865 516 1931 inmortales
540 1864 648 1949 figuris
669 1864 787 1948 ignotis
809 1862 975 1948 Typhonis
1004 1870 1077 1928 ante
1100 1863 1211 1929 oculos
1234 1865 1346 1929 crebro
1369 1882 1441 1929 uen-

332 1964 493 2038 saba'ntur.
528 1971 613 2036 unde
641 1972 746 2038 adhuc
773 1973 911 2038 maxime
934 1970 1052 2037 multas
1074 1972 1195 2038 bestias
1217 1992 1275 2055 pro
1297 1972 1360 2038 diis
1384 1973 1440 2038 ob-

332 2088 462 2146 seruant
484 2083 656 2164 noluntque
679 2082 841 2167 Aegyptii.
875 2102 914 2147 eo
937 2081 1087 2145 conuenit
1108 2082 1257 2167 Typhon,
1280 2082 1441 2148 neminem

295 2219 318 2256 ιε
332 2190 465 2257 deorum
486 2191 548 2257 sihi
571 2190 659 2255 uidet
681 2191 856 2269 aduersari,
880 2211 1017 2257 uacuam
1032 2195 1148 2256 terram
1164 2191 1315 2276 cognouit
1337 2182 1440 2257 domi·
1520 2201 1528 2219 ⁸

294 2377 436 2460 (itabat,
464 2382 496 2442 et
516 2378 718 2443 adinuenerit
744 2378 912 2461 concham,
941 2396 982 2442 ex
1012 2377 1102 2443 cuius
1125 2379 1231 2445 sonitu
1253 2377 1362 2444 hostes
1385 2396 1441 2442 cx·

328 2482 476 2550 'terruerit
496 2493 594 2570 atque
616 2488 782 2573 sugauerit
819 2507 912 2568 quem
935 2487 1023 2553 illinc
1045 2488 1180 2553 caudam
1202 2486 1300 2572 piscis
1322 2487 1440 2552 habere

331 2595 455 2678 fingunt
483 2602 613 2682 propter
641 2598 798 2662 marinam
825 2596 976 2685 surdam,
1008 2598 1048 2662 de
1071 2616 1135 2679 qua
1160 2595 1295 2679 praefati
1321 2614 1440 2661 sumus.

331 2705 428 2770 habet
449 2706 559 2772 stellas
573 2708 594 2749 *
607 2707 627 2749 *
640 2709 660 2748 *

292 2885 314 2934 s
368 2878 383 2930 1
404 2892 517 2950 operam
536 2882 557 2930 S
577 2874 591 2947 Η
610 2880 628 2933 2
646 2882 677 2931 et
694 2895 743 2930 om.
761 2883 784 2930 V
802 2876 816 2948 Η
837 2876 989 2932 dicolon's
1008 2875 1022 2947 Η
1044 2875 1164 2946 dycolon
1189 2879 1211 2927 V
1229 2872 1242 2944 Η
1262 2877 1280 2929 3
1298 2875 1441 2929 inuenisse

331 2967 353 3017 s
374 2963 389 3034 Η
408 2979 483 3017 mare
503 2968 523 3014 s
542 2960 558 3035 Η
580 2979 645 3018 esse
665 2983 716 3016 om.
734 2968 756 3016 V
775 2962 788 3034 Η
807 2968 936 3018 uocatum
955 2967 975 3014 S
996 2961 1010 3033 Η
1029 2964 1153 3016 notatam
1171 2968 1193 3017 V
1211 2962 1225 3033 Η
1244 2962 1376 3031 Nigidius
1395 2978 1441 3016 ca·

332 3051 491 3122 pricornum
508 3052 596 3106 refert
619 3056 640 3104 V
664 3050 678 3122 Η
706 3050 889 3117 limmortali
913 3055 935 3102 V
958 3048 971 3119 Η
999 3049 1179 3104 5Pithons
1208 3049 1222 3121 Η
1250 3049 1362 3119 Phyton
1385 3046 1440 3119 Vll

333 3142 350 3195 6
369 3144 499 3211 egyptum
515 3150 533 3193 s
553 3139 566 3209 Η
587 3141 697 3209 egytum
717 3143 739 3191 V
757 3136 771 3208 Η
790 3130 949 3203 'ycolerets
970 3134 984 3207 Η
1003 3136 1038 3189 ab
1057 3136 1126 3190 Ioue
1145 3152 1311 3192 concessum
1329 3136 1441 3190 habuis-

334 3230 380 3279 set
396 3230 417 3278 S
424 3231 445 3278 V
462 3224 476 3295 Η
497 3230 527 3280 et
544 3226 641 3278 Iouem
660 3238 823 3277 consessum
842 3224 976 3279 habuisse
996 3227 1092 3294 scripsi
1112 3220 1126 3292 Η
1147 3225 1163 3278 7
1182 3223 1237 3277 diis
1255 3224 1348 3294 possit
1366 3223 1441 3277 absi-

335 3315 450 3365 steres
475 3308 488 3380 Η
517 3310 572 3363 diis
591 3313 691 3379 posset
710 3309 849 3364 obsistere
873 3315 895 3363 V
918 3309 932 3380 Η
958 3309 997 3363 dii
1015 3313 1135 3379 possent
1153 3310 1291 3363 obsistere
1310 3314 1405 3376 scripsi
1425 3309 1440 3380 Η

332 3395 472 3467 panderet
488 3400 537 3449 SV
557 3396 570 3467 Η
589 3399 607 3453 8
626 3392 689 3466 sirio
706 3400 727 3448 S
747 3394 761 3466 Η
781 3396 912 3450 Pithonis
931 3401 951 3450 S
972 3395 986 3466 Η
1005 3395 1143 3465 Phytonis
1162 3400 1184 3447 V
1201 3393 1216 3465 Η
1236 3397 1253 3449 9
1269 3396 1440 3450 immanitate

338 3489 360 3535 V
379 3482 392 3555 Η
412 3487 530 3554 possent
548 3483 707 3538 inconsulte
718 3487 767 3536 SV
786 3483 798 3554 Η
818 3484 1068 3537 immutsueruntV
1086 3481 1099 3552 Η
1120 3483 1154 3537 10
1166 3481 1194 3534 in
1208 3497 1262 3550 qna
1279 3487 1302 3535 V
1319 3480 1333 3552 Η
1352 3484 1385 3536 11
1398 3483 1440 3552 pi·

333 3569 439 3622 thons
460 3569 473 3639 Η
493 3571 606 3641 Phyton
629 3575 771 3624 Vcorresi
791 3571 804 3640 Η
823 3572 1042 3624 transmutasset
1065 3574 1087 3621 V
1104 3567 1118 3640 Η
1139 3568 1173 3621 12
1191 3567 1361 3622 immortales
1384 3572 1407 3621 V
1426 3568 1439 3638 Η

331 3655 456 3726 pithonis
475 3661 497 3708 S
522 3658 535 3726 Η
558 3658 691 3727 phytonis
715 3663 736 3710 V
760 3658 774 3730 Η
799 3658 915 3725 cerebro
933 3661 954 3709 S
974 3654 988 3726 Η
1008 3656 1044 3711 14
1062 3655 1163 3726 egiptii
1181 3659 1202 3708 S
1222 3655 1235 3726 Η
1256 3656 1362 3726 egyptii
1385 3661 1407 3709 V
1424 3653 1438 3726 Η

333 3742 465 3796 conuenit
481 3747 502 3795 S
522 3746 535 3814 Η
554 3747 585 3796 et
604 3743 736 3797 conuenit
758 3749 780 3796 V
799 3744 813 3812 Η
833 3759 867 3797 eo
886 3743 1019 3797 conuenit
1036 3747 1134 3810 scripsi
1154 3760 1188 3795 es
1206 3745 1286 3794 schot.
1300 3746 1442 3808 Rheitos,

331 3837 349 3880 ³
370 3828 383 3899 Η
404 3830 438 3883 15
456 3822 571 3884 deorum
589 3828 734 3884 aduersari
752 3831 866 3884 sibimet
887 3835 910 3883 V
928 3828 941 3899 Η
961 3829 1016 3883 sibi
1035 3834 1132 3897 scripsi
1157 3826 1171 3898 Η
1197 3832 1299 3883 terram
1318 3848 1366 3882 om.
1386 3835 1408 3882 V
1426 3827 1439 3900 Η

333 3913 513 3971 dilationibus
538 3923 559 3970 V
577 3915 591 3986 Η
1203 3934 1205 3939 ’

297 4040 320 4087 G
368 4030 402 4083 16
420 4033 443 4081 ἃ
463 4028 498 4082 sd
517 4029 656 4082 inuenerit
675 4028 764 4083 cauda
784 4030 808 4081 θ
828 4029 841 4098 Η
863 4027 886 4081 St
905 4027 1025 4083 adiuerit
1044 4029 1138 4100 quode
1158 4028 1250 4081 &⁶6⁶¹
1272 4026 1285 4098 Η
1310 4027 1345 4081 ad
1363 4027 1438 4080 inue-
1471 4022 1477 4027 ’

333 4116 406 4168 nerit
424 4115 496 4170 coda
516 4114 566 4168 0⁶²
584 4115 598 4186 Η
619 4117 752 4170 concham
771 4120 867 4183 scripsi
888 4113 901 4184 Η
923 4117 955 4170 l‘l
974 4116 1033 4169 illic
1053 4112 1159 4188 GGVGl
1180 4113 1193 4186 Η
1215 4113 1293 4168 illinc
1311 4117 1405 4181 scripsi
1425 4112 1439 4184 Η
1484 4103 1487 4113 ’

333 4201 424 4255 cauda
438 4200 528 4255 &⁶6⁶¹
548 4202 561 4275 Η
583 4196 617 4260 18
635 4204 715 4258 cocle
729 4204 769 4255 θ’
790 4200 803 4271 Η
824 4201 921 4256 cauch's
937 4201 973 4256 (3⁶
995 4200 1007 4272 Η
1028 4218 1083 4272 quo
1097 4199 1177 4255 6¹(st
1197 4198 1212 4271 Η
1233 4199 1439 4257 ΟΑΡΒΙΟΟΒ-

332 4288 412 4345 NVS
432 4290 529 4346 subscr.
552 4292 575 4343 θ
595 4287 609 4360 Η
630 4294 771 4358 tmoytoem
788 4290 920 4357 praessa
941 4287 1045 4343 (16001
1066 4288 1081 4359 Η
