3252 5204
787 476 998 544 ..64-

339 647 454 729 quibus
477 651 565 711 ortus
588 645 763 712 dicebatur.
798 666 874 711 nam
897 667 969 712 cum
991 648 1024 711 in
1046 652 1154 712 monte
1176 647 1330 717 Pelinaeo
1352 669 1448 718 uena-

337 763 436 835 retur,
465 754 607 822 inridens
634 756 771 820 Dianam
801 756 1037 840 contemnebat,
1067 756 1136 824 eius
1162 779 1275 844 opera,
1303 780 1386 843 quae
1414 761 1447 826 in

336 871 443 930 monte
464 865 687 942 constituebat,
711 865 869 931 obterens.
915 866 1023 948 itaque
1045 866 1184 931 Dianam
1211 869 1336 936 misisse
1362 890 1468 937 scor.

335 975 464 1059 pionem
490 975 544 1055 qui
575 974 725 1040 Orionem
754 974 821 1038 uita
845 976 986 1059 priuaret
1014 982 1045 1040 et
1071 983 1185 1059 postea
1209 980 1387 1064 inpetrasse
1412 985 1447 1044 ut

312 1085 480 1168 ascerpios
495 1107 542 1146 xrr
563 1084 725 1167 signorum
747 1087 901 1151 memoria
922 1085 1172 1152 constitueretur.
1205 1089 1347 1174 Iuppiter
1369 1089 1447 1178 [me
1471 1099 1473 1103 ’

335 1194 448 1281 moria]
471 1213 566 1278 porro
582 1193 701 1259 Oriona
716 1195 782 1259 uita
797 1195 954 1279 priuatum
977 1196 1135 1262 sideribus
1157 1199 1327 1264 constituit.
1360 1221 1446 1266 scor·

335 1303 406 1388 pios
427 1302 526 1368 babet
548 1303 659 1368 stellas
681 1327 703 1367 x
719 1310 750 1369 et
771 1328 857 1368 vnn:
880 1304 913 1367 in
937 1306 1064 1389 singulo
1088 1326 1186 1372 como
1201 1308 1304 1387 binas,
1326 1310 1445 1392 primas

336 1413 481 1496 maiores,
505 1412 710 1497 insequentes
725 1416 882 1498 odacar-ca,
907 1413 1025 1479 claram
1041 1416 1074 1480 in
1090 1436 1145 1482 ore
1159 1437 1265 1496 unam,
1288 1419 1321 1481 in
1343 1414 1444 1485 fronte

336 1547 385 1608 nr,
414 1542 546 1606 quarum
575 1541 639 1586 una
665 1523 783 1588 clarior
807 1523 840 1587 in
869 1524 984 1593 media.
1029 1525 1061 1590 in
1088 1525 1183 1591 dorso
1206 1549 1242 1589 ιιι
1264 1527 1384 1612 clarae,
1409 1528 1444 1593 in

300 1665 324 1703 ιο
337 1639 447 1699 uentre
462 1632 557 1709 duae,
580 1631 614 1695 in
630 1631 733 1696 cauda
747 1655 776 1715 v,
792 1632 825 1697 in
841 1635 952 1700 aculeo
969 1634 1060 1700 duae.
1095 1655 1219 1701 summa
1233 1659 1254 1699 x
1270 1642 1301 1700 et
1316 1655 1442 1705 nouem.

334 1764 376 1810 ex
397 1744 437 1808 iis
458 1734 582 1826 priores
604 1760 687 1823 quae
715 1747 789 1806 sunt
809 1743 852 1806 in·
865 1745 1015 1810 cornibus
1037 1744 1106 1810 eius
1128 1768 1193 1823 nn,
1222 1746 1305 1810 duae
1328 1746 1443 1827 clarae,

335 1830 419 1919 duae
441 1854 610 1929 obscurae,
640 1850 744 1916 librae
765 1851 989 1936 adsignantur,
1020 1874 1104 1937 quae
1132 1855 1258 1922 chelia
1285 1855 1442 1921 dicuntur.
1485 1896 1492 1912 κ

335 1964 432 2029 stella
452 1966 559 2027 autem
582 1980 655 2038 una,
679 1980 761 2042 quae
784 1963 887 2027 estin
910 1983 965 2028 ore
988 1966 1085 2049 canis,
1109 1964 1209 2032 Sirius
1232 1964 1355 2030 dicitur.

420 2073 527 2156 Ipsam
549 2069 694 2157 Helicen]

299 2217 321 2255 15
419 2184 510 2247 Hunc
525 2179 635 2246 dicunt
648 2180 805 2245 Arcadem
821 2200 892 2246 esse
907 2182 994 2248 Iouis
1009 2203 1048 2247 ex
1064 2182 1198 2248 Callisto
1213 2182 1321 2263 lilium,
1345 2204 1441 2269 quem

332 2295 464 2379 Lycaon
486 2313 556 2358 cum
572 2292 683 2356 Iouem
705 2289 844 2374 bospitio
865 2293 1049 2376 recepisset,
1073 2291 1228 2358 infantem
1242 2296 1440 2360 membratim

332 2403 485 2469 lacerauit
501 2422 572 2468 oum
588 2402 683 2467 exitio
698 2400 834 2482 Iouique
849 2400 882 2464 in
904 2402 1008 2484 epulis
1030 2403 1145 2484 posuit.
1181 2423 1340 2486 quomque
1355 2405 1441 2470 Iouis

332 2514 461 2579 domum
477 2512 636 2596 Lycaonis
652 2510 784 2575 fulmine
799 2509 993 2575 incendisset
1008 2512 1255 2596 Lycaonemque
1276 2512 1310 2577 in
1331 2513 1439 2597 lupum

332 2623 492 2704 uertisset,
519 2600 686 2686 Arcadem
703 2625 807 2684 autem
836 2620 1000 2703 compactis
1028 2621 1177 2686 membris
1204 2621 1245 2685 ad
1273 2621 1370 2685 uitam
1394 2642 1440 2687 re·

293 2733 484 2815 reduxisset,
506 2729 624 2814 pastori
641 2728 767 2794 euridam
784 2730 871 2793 dedit
893 2731 1125 2796 nutricandum.
1160 2732 1213 2815 qui
1237 2751 1307 2796 eum
1331 2731 1440 2795 adulta

330 2848 433 2907 aetate
455 2840 622 2921 menimet,
645 2839 738 2927 matri
760 2840 878 2905 inscius
900 2839 963 2903 uim
987 2839 1068 2906 ferre
1091 2840 1201 2905 uoluit.
1237 2860 1317 2921 quos
1339 2846 1439 2904 utros-

330 2971 391 3034 que
422 2949 547 3015 incolae
572 2933 690 3032 Lycaei
724 2948 840 3012 montis
871 2964 942 3012 cum
970 2949 1115 3015 cecidere
1137 2950 1272 3033 uellent,
1297 2949 1438 3032 luppiter

330 3061 515 3148 [utrmque]
546 3062 671 3141 ereptos
698 3055 793 3120 astris
819 3055 933 3120 intulit.
979 3058 1033 3140 qui
1061 3064 1095 3122 ut
1124 3078 1176 3124 res
1205 3064 1296 3140 gesta
1324 3062 1374 3122 est
1395 3058 1439 3120 ita

330 3175 474 3235 manent:
496 3169 553 3231 illa
568 3186 662 3231 ursae
677 3171 800 3243 natura,
822 3165 877 3228 ille
899 3167 1051 3249 impetum
1074 3166 1205 3251 faciens,
1231 3186 1324 3249 quem
1340 3167 1439 3230 Boo-

330 3343 346 3394 1
366 3339 484 3393 celcinio
503 3342 551 3390 ΔΡ
574 3337 587 3407 Η
613 3336 892 3392 2c0ndemnebatA
919 3336 932 3406 Η
961 3339 978 3394 3
997 3338 1128 3392 obterens
1148 3337 1393 3391 condemnebatA
1420 3335 1435 3407 Η

226 3453 230 3459 ·
328 3427 455 3480 mississe
476 3429 497 3477 Δ
518 3424 533 3496 Η
558 3423 764 3494 4inpdrapsse
784 3429 806 3474 P
830 3423 842 3493 Η
867 3425 884 3480 5
905 3414 1038 3477 memoria
1057 3426 1143 3475 deleat
1168 3423 1182 3493 Η
1209 3425 1323 3479 dorion
1342 3424 1438 3477 nauita

329 3518 349 3566 Δ
370 3514 384 3585 Η
405 3513 483 3567 orion
501 3511 560 3564 uita
578 3514 601 3562 P
619 3510 632 3582 Η
652 3509 796 3580 syderibus
815 3513 838 3561 P
855 3509 869 3581 Η
888 3510 1005 3581 Scorpio
1025 3515 1047 3562 P
1065 3509 1078 3581 Η
1098 3512 1115 3565 8
1133 3510 1268 3564 obscuras
1288 3514 1382 3569 aeolidi
1402 3526 1437 3563 ra

329 3602 389 3655 t'ct.
408 3604 471 3652 Vll:
492 3600 519 3650 οἱ
537 3598 568 3652 di
588 3596 708 3666 δεύτεροι
727 3596 852 3667 ‹ipaupnt
871 3596 883 3668 Η
904 3597 980 3650 clara
999 3597 1022 3650 d
1040 3615 1089 3649 nos
1109 3601 1157 3649 ΔΡ
1180 3596 1193 3669 Η
1219 3598 1321 3651 claram
1340 3598 1368 3651 in
1388 3613 1436 3650 ore

328 3689 424 3753 scripsi
451 3684 464 3755 Η
489 3683 683 3739 emmonius
706 3683 720 3754 Η
746 3683 829 3737 dorsr‘r
849 3687 894 3734 ΑΡ
917 3682 930 3754 Η
951 3682 1035 3737 dorso
1054 3688 1150 3751 scripsi
1172 3682 1185 3756 Η
1211 3686 1244 3739 11
1264 3700 1300 3737 ex
1318 3683 1362 3737 bis
1382 3689 1403 3735 P
1421 3681 1434 3751 Η

330 3778 363 3831 12
382 3776 451 3828 libre
470 3775 493 3822 P
516 3768 528 3841 Η
552 3770 630 3840 chele
650 3767 795 3823 edicuntur
812 3774 835 3821 Α
861 3770 875 3841 Η
901 3769 999 3822 chelea
1018 3768 1146 3824 dicuntur
1164 3775 1187 3822 Ρ
1210 3769 1224 3841 Η
1250 3771 1284 3826 13
1303 3786 1356 3839 que
1375 3774 1398 3820 P
1421 3768 1433 3840 Η

329 3863 418 3932 syrius
438 3866 461 3912 P
479 3858 491 3929 Η
513 3854 547 3913 ll
564 3860 727 3924 praecedunt
749 3861 836 3910 Germ.
855 3876 879 3911 a.
891 3864 997 3909 90·96
1017 3854 1031 3926 Η
1052 3855 1085 3911 15
1106 3856 1167 3909 Cot.
1186 3861 1259 3909 VIII.
1284 3862 1348 3924 Hyp.
1363 3862 1391 3908 P.
1402 3860 1436 3912 Α.

328 3952 467 4002 1141113
487 3944 500 4016 Η
519 3944 602 3997 Hunc
621 3945 671 3995 ie.
689 3945 902 4011 arctophylaca
921 3941 934 4015 Η
956 3941 1139 3997 archademd
1161 3942 1174 4013 Η
1195 3947 1224 4001 et
1237 3947 1284 3995 ΑΡ
1303 3943 1315 4013 Η
1335 3959 1370 3995 ex
1388 3960 1400 3995 ε
1421 3941 1434 4012 Η
1455 3971 1459 3977 ·

328 4039 362 4092 16
374 4035 466 4088 licaon
478 4038 500 4085 P
511 4036 592 4084 etiam
605 4034 679 4096 infru
693 4047 741 4095 per
755 4031 764 4082 i
777 4035 903 4096 scripum
919 4028 932 4100 Η
945 4033 1002 4083 tum
1016 4034 1038 4080 P
1050 4027 1063 4098 Η
1077 4012 1206 4099 hospicio
1219 4033 1242 4081 Ρ
1254 4029 1267 4098 Η
1283 4030 1316 4083 11
1326 4044 1435 4097 quamq.

236 4110 262 4145 ‚¹
328 4126 376 4174 ΔΡ
393 4118 407 4190 Η
428 4133 564 4189 quomque
577 4120 674 4182 scripsi
696 4115 708 4186 Η
729 4118 763 4172 18
776 4116 898 4169 fulminis
911 4121 934 4167 P
952 4115 966 4186 Η
986 4112 1147 4168 incendisse
1160 4117 1183 4164 Α
1204 4112 1217 4183 Η
1239 4116 1273 4169 19
1288 4113 1435 4167 archadem
1488 4106 1496 4115 ’

327 4212 350 4259 Ρ
367 4206 380 4278 Η
403 4205 438 4259 ad
450 4205 536 4257 uitam
548 4206 634 4255 cm.P
653 4199 666 4272 Η
686 4202 719 4255 21
732 4203 800 4255 meri
812 4207 860 4253 ΑΡ
877 4201 891 4272 Η
910 4199 1102 4271 Pilicaeil’ll
1122 4199 1210 4253 uellet
1222 4202 1243 4250 A
1263 4199 1277 4270 Η
1296 4201 1331 4255 23
1343 4203 1434 4253 utros·

328 4310 381 4364 qne
402 4295 488 4345 ‹leleci
507 4290 522 4361 Η
541 4290 577 4345 24
595 4287 703 4342 illorum
722 4291 768 4340 ΔΡ
784 4287 800 4359 Η
818 4286 866 4341 ille
885 4305 897 4340 ε
917 4287 931 4358 Η
951 4290 1075 4360 inpetum
1094 4293 1117 4341 P
1134 4286 1148 4358 Η
1166 4286 1262 4339 botem
1281 4290 1304 4338 P
1321 4286 1334 4358 Η
