3202 5200
772 528 921 633 ...224
964 566 1007 578 ..-

298 700 422 775 alonis
444 700 628 781 sagittarius
651 705 683 765 et
704 700 825 782 pisces,
849 699 978 766 Saturni
1001 702 1208 786 capricornus
1231 708 1262 768 et
1283 702 1444 784 aquarius.

335 811 497 874 nocturnis
519 809 697 890 originibus
718 808 829 875 fauent
848 811 926 874 luna
947 811 1032 876 Mars
1054 812 1179 895 Venus,
1203 811 1277 895 plus
1298 812 1350 877 die
1372 833 1445 895 pos·

334 925 408 983 sunt
430 918 479 983 sol
495 919 650 984 Saturnus
665 919 817 1004 luppiter,
840 920 1014 985 Mercurius
1036 920 1125 986 uarie
1141 926 1173 987 et
1188 921 1348 1004 quomodo
1370 942 1445 986 con-

335 1028 430 1093 sentit
451 1035 507 1093 aut
527 1028 617 1126 uisus
640 1035 698 1094 est
751 1082 755 1089 .

315 1253 327 1290 s
645 1225 880 1290 INVOLVTIO
903 1224 1137 1291 SPHAERAE.

422 1358 482 1423 Hic
504 1364 553 1423 est
574 1359 739 1424 stellamm
762 1362 847 1449 ordo
865 1365 1071 1443 utrorumque
1093 1360 1293 1426 circulorum.
1317 1364 1442 1443 septen-

334 1468 453 1532 triones
483 1469 626 1552 duplices
655 1469 697 1534 ad
727 1476 869 1534 austrum
897 1476 1076 1555 uertuntur,
1112 1470 1287 1552 figurantur
1320 1468 1444 1534 auersis

335 1578 447 1643 caudis
468 1579 606 1645 inuicem
629 1581 690 1645 sibi
713 1580 936 1646 aduersantes.
959 1581 1042 1645 inter
1057 1600 1139 1663 quos
1154 1580 1278 1645 oblicus
1294 1577 1445 1642 dilabitur

334 1689 442 1754 draco.
465 1689 585 1754 habent
606 1697 711 1755 autem
735 1690 968 1773 septentriones
991 1710 1011 1753 a
1033 1689 1154 1755 dextris
1176 1691 1265 1754 iuxta
1280 1707 1444 1764 coronam,

297 1826 322 1864 ιο
334 1798 472 1883 desuper
494 1807 676 1883 serpentem
691 1802 724 1864 in
739 1801 888 1865 manibus
910 1800 1108 1884 serpentarii.
1132 1799 1174 1864 ad
1195 1800 1290 1864 unius
1305 1816 1444 1879 namque

334 1910 480 1974 dextrum
504 1909 617 1994 pedem
635 1916 684 1976 est
699 1910 925 1995 serpentarius,
948 1911 1038 1976 cuius
1062 1910 1252 1994 serpentarii
1267 1910 1367 1992 pedes
1389 1907 1443 1972 ad·

334 2020 459 2105 tingunt
486 2020 621 2087 frontem
649 2022 842 2106 scorpionis3
877 2021 968 2088 alteri
999 2026 1106 2087 autem
1133 2026 1217 2088 retro
1240 2025 1303 2085 stat
1326 2026 1442 2097 custos,

335 2128 557 2213 sub'pedibus
586 2131 713 2213 quidem
737 2132 807 2197 eius
829 2133 920 2218 uirgo
942 2131 1067 2198 habens
1089 2130 1218 2214 igneam
1240 2132 1274 2195 in
1296 2129 1444 2195 manibus

334 2239 465 2322 spicam.
502 2240 649 2306 retrorsis
671 2261 748 2305 uero
771 2241 915 2328 uestigiis
938 2241 1066 2307 adiacet
1087 2241 1154 2324 leo,
1179 2240 1293 2306 mediis
1314 2236 1444 2304 aestiuis

298 2374 320 2412 rs
334 2349 493 2415 solistitiis
516 2369 630 2416 cancer
646 2357 677 2415 et
691 2352 819 2431 gemini.
842 2352 942 2437 pedes
964 2358 1070 2417 autern
1087 2351 1252 2437 agitatoris
1273 2349 1353 2415 tauri
1375 2368 1443 2414 cor-

333 2462 426 2526 nibus
447 2461 629 2545 iunguntur,
654 2462 744 2527 euius
766 2461 896 2527 haeduli
918 2463 1058 2546 desuper
1079 2462 1224 2528 obtinent
1245 2462 1348 2527 locum
1370 2478 1444 2542 sep·

332 2571 507 2636 tentrionis.
532 2591 670 2653 namque
686 2572 817 2637 minoris
832 2572 865 2636 in
887 2573 1031 2637 ultimum
1046 2573 1161 2656 pedem
1178 2571 1328 2655 Cepheus
1347 2570 1443 2634 trian-

334 2680 404 2763 guli
427 2681 538 2746 ordine
560 2682 746 2760 continetur,
771 2701 905 2767 cycnum
929 2702 1024 2747 manu
1041 2682 1173 2748 dextera
1187 2680 1442 2765 adprehendens

332 2793 391 2857 sub
410 2792 499 2857 cuius
522 2793 574 2856 ala
597 2811 700 2873 equus
722 2792 866 2857 extendit
887 2791 1011 2876 pedem.
1035 2793 1077 2858 ad
1100 2793 1189 2860 cuius
1211 2792 1286 2873 equi
1301 2790 1443 2856 medium

293 2902 439 2985 apisees
462 2901 618 2967 conlocati
641 2907 723 2965 sunt.
747 2901 916 2967 constituta
938 2907 1011 2967 ante
1034 2902 1197 2986 Cepheum
1220 2901 1388 2985 Cassiepia
1410 2905 1444 2966 et

333 3013 430 3077 dorso
453 3011 621 3093 agitatoris
637 3010 746 3075 Persei
769 3010 906 3093 pedibus
928 3006 1090 3095 suppositi
1100 3010 1323 3077 Andromedae
1346 3015 1444 3094 caput

332 3141 414 3203 equo
438 3139 604 3186 conexum.
627 3119 690 3203 ipsi
712 3125 819 3183 autem
843 3139 925 3201 equo
949 3140 1068 3204 cycnus
1084 3121 1184 3186 stella.
1207 3121 1291 3186 inter
1306 3140 1443 3204 cycnum

295 3309 318 3356 G
368 3310 463 3364 lIoui
483 3313 506 3360 Β
527 3308 541 3379 Η
561 3307 711 3376 sagitarius
730 3310 754 3358 Β
776 3305 790 3375 Η
810 3307 827 3361 2
845 3315 950 3363 nonunt
969 3316 993 3362 Β
1014 3310 1028 3381 Η
1048 3310 1163 3380 possint
1181 3313 1205 3361 Β
1227 3308 1240 3378 Η
1260 3310 1278 3364 3
1296 3308 1399 3379 iupiter
1417 3310 1444 3360 G

333 3398 370 3448 ga
391 3395 404 3465 Η
425 3396 576 3449 mercorius
590 3401 614 3447 Β
630 3393 642 3466 Η
659 3394 735 3464 uarip
750 3396 787 3446 (Β
802 3393 816 3467 Η
833 3396 990 3449 comodoG
1010 3396 1023 3466 Η
1044 3399 1061 3452 5
1079 3395 1441 3451 fflvohvrrosrfflc-

329 3483 409 3536 ΒΑΕ
431 3484 481 3535 ΒΘ
506 3481 519 3552 Η
545 3481 768 3537 INVOLVTIO
789 3482 913 3537 SPERE
934 3484 1097 3547 (SPERAE
1113 3482 1161 3549 (Β)
1182 3481 1260 3538 Gadi
1280 3480 1294 3552 Η
1320 3482 1335 3536 7
1353 3480 1444 3549 figura

334 3568 465 3622 BGG³G⁶
480 3568 494 3639 Η
508 3568 658 3637 figurantur
670 3574 766 3639 scripsi
787 3569 801 3640 Η
822 3573 839 3625 8
853 3569 982 3639 obliquus
997 3567 1103 3624 ΒΒΒΘὸ
1123 3568 1137 3641 Η
1157 3573 1173 3625 9
1186 3570 1265 3625 draco
1278 3574 1304 3621 Β
1325 3570 1337 3636 Η
1358 3569 1442 3619 carrha

254 3654 259 3663 ’
332 3656 477 3710 habent-
491 3657 667 3727 serpentarii,
687 3677 753 3725 qrtnc
769 3661 796 3710 iu
811 3660 885 3709 codd.
905 3667 967 3725 post
987 3657 1094 3727 spicam
1112 3674 1137 3707 u.
1153 3665 1186 3708 14
1203 3662 1305 3724 scriptu
1321 3665 1443 3721 castani,

329 3746 371 3795 bir
384 3748 521 3797 concionanti
536 3743 549 3814 Η
569 3747 602 3799 ll
616 3745 790 3816 serpentario
803 3743 893 3797 &⁶6⁶¹
909 3743 922 3814 ΙΙ
937 3746 971 3800 13
984 3743 1035 3797 sub
1049 3761 1099 3795 cnr.
1112 3743 1242 3796 BGG⁶G⁶
1257 3743 1270 3813 Η
1291 3745 1325 3798 14
1336 3742 1445 3796 adiecit

331 3833 381 3883 BG
396 3830 408 3900 Η
429 3830 537 3884 medius
553 3835 604 3884 BG
625 3830 638 3902 Η
659 3832 740 3886 stiuis
755 3837 781 3884 Β
802 3832 815 3903 Η
837 3833 870 3887 15
890 3832 1036 3886 solisticiis
1049 3835 1074 3883 Β
1093 3828 1108 3900 Η
1130 3829 1317 3884 solestitiisd
1337 3829 1350 3900 Η
1369 3829 1443 3901 peds

335 3915 392 3987 ΒΗ
413 3919 447 3972 16
465 3918 563 3987 iungit’
583 3926 607 3972 Β
629 3919 643 3991 Η
664 3918 865 3972 conliserat
886 3920 898 3986 Η
924 3918 1019 3971 heduli
1041 3920 1064 3969 θ
1090 3918 1103 3985 Η
1129 3918 1335 3988 septentriones
1355 3921 1406 3970 BG
1428 3916 1443 3988 Η

335 4006 369 4060 18
382 4003 508 4058 ordinem
521 4008 573 4058 BG
594 4006 606 4074 Η
628 4007 736 4060 cicnum
751 4004 829 4058 ereb
845 4004 858 4074 Η
878 4020 986 4057 monum
1000 4004 1212 4075 adprehendens
1226 4010 1250 4056 Β
1272 4004 1285 4074 Η
1306 4007 1339 4060 19
1352 4018 1443 4074 equus

331 4090 367 4143 6⁶
388 4090 401 4161 Η
422 4093 486 4161 equi
500 4097 524 4143 Β
546 4091 559 4161 Η
580 4093 615 4148 20
633 4093 796 4162 cnsiepiad
816 4088 830 4161 Η
850 4091 884 4145 21
904 4092 1091 4162 superpositis
1104 4090 1237 4144 BGG⁶G⁶
1256 4089 1270 4160 Η
1291 4090 1443 4145 adromede

327 4177 435 4229 Βθῦθῠ
455 4179 469 4249 Η
489 4181 524 4233 22
543 4195 614 4248 equo
633 4182 657 4228 B
678 4178 691 4247 Η
712 4193 839 4230 connexo
858 4175 989 4230 800060
1009 4178 1023 4247 Η
1044 4195 1179 4233 conexum
1198 4181 1295 4244 scripsi
1314 4177 1328 4246 Η
1348 4164 1402 4250 aed
1416 4186 1443 4232 Β

328 4262 342 4333 Η
369 4265 448 4319 canis
467 4265 550 4318 stella
569 4262 701 4317 ypgpugs
731 4263 744 4333 Η
775 4279 877 4332 cycnus
895 4268 991 4330 scripsi
1021 4264 1035 4334 Η
1064 4265 1133 4319 item
1152 4265 1310 4318 sinenti&
1339 4264 1353 4334 Η
1382 4267 1443 4335 cig-

326 4367 389 4403 num
408 4354 434 4401 Β
453 4350 468 4419 Η
