3252 5204
627 531 839 599 „65-

183 711 248 770 ten
275 706 431 770 Homerus
456 706 559 770 uocat.
604 709 784 768 arcturus
818 709 867 768 est
899 702 992 768 stella
1024 702 1140 771 media.
1184 703 1283 791 habet

183 816 293 880 stellas
318 814 352 878 in
373 812 505 878 dextera
527 833 623 877 manu
645 836 706 897 1111,
739 833 821 895 quae
844 834 907 878 non
929 812 1092 894 occidunt,
1124 815 1158 879 in
1180 815 1283 899 capite

182 945 278 989 unam
300 925 433 1006 claram,
457 944 496 988 ex
519 921 653 1004 singulis
674 923 792 988 umeris
814 922 972 1009 singulas,
995 926 1028 989 in
1051 925 1198 991 mamillis
1221 925 1284 990 sin·

182 1034 286 1118 gulas.
330 1032 466 1098 lucidior
492 1032 594 1098 estin
616 1033 735 1098 dextra.
781 1033 841 1097 sub
863 1055 1031 1100 mammam
1054 1055 1118 1100 una
1139 1037 1284 1115 obscura,

184 1146 295 1210 dextro
322 1142 461 1210 cubitor
491 1143 586 1208 clara.
630 1143 712 1208 inter
740 1163 846 1226 genua
877 1150 1011 1228 utraque
1043 1166 1108 1210 una
1141 1145 1227 1210 clara
1255 1151 1322 1210 ets

185 1275 313 1338 magna,
346 1273 429 1337 quae
458 1258 507 1318 est
533 1259 688 1320 arcturus.
732 1254 765 1318 in
799 1254 932 1337 singulis
963 1255 1099 1340 pedibus
1132 1251 1284 1338 singulas.

184 1367 262 1430 liunt
282 1383 414 1444 numero
436 1386 517 1447 unu.

269 1474 409 1556 Virginis
426 1471 505 1537 inde
527 1472 647 1560 subest]

202 1652 207 1657 ,
267 1588 358 1651 Hanc
380 1583 540 1650 Hesiodus
566 1583 651 1649 louis
674 1590 705 1649 et
727 1584 891 1650 Themidis
918 1583 1015 1650 filiam
1038 1607 1109 1653 esse
1132 1590 1286 1657 11111111-

184 1698 268 1763 mine
290 1695 457 1777 Iustitiam,
489 1713 571 1775 quae
600 1714 670 1759 cum
696 1695 884 1761 mortalibus
909 1695 943 1759 in
973 1697 1065 1763 terris
1093 1699 1284 1765 morabatur.
1299 1720 1324 1760 ιο

183 1809 323 1872 uirorum
339 1808 469 1890 aspectu
485 1822 520 1868 se
535 1805 693 1870 abstinere
709 1805 844 1884 solitam,
868 1825 940 1870 cum
962 1805 1087 1873 feminis
1102 1814 1285 1874 consuetam

182 1917 303 1982 ludere.
330 1915 471 1979 nondum
485 1914 567 1978 inter
580 1913 725 2010 homines
740 1914 913 1999 nequitiam
929 1935 1034 1999 neque
1049 1919 1287 2001 nauigationem

184 2029 296 2105 fuisse,
325 2024 384 2091 sed
406 2025 507 2089 omnis
528 2024 562 2089 in
583 2031 667 2090 terra
689 2031 828 2091 moratos
850 2026 949 2091 uitam
970 2047 1067 2110 agere
1089 2034 1288 2097 consecuisse

183 2137 438 2220 aequitatemque
453 2155 509 2200 eos
523 2136 720 2218 praestitisse
735 2154 773 2199 eo
790 2136 918 2201 saeculo
942 2137 1027 2218 quod
1050 2158 1180 2203 aureum
1203 2138 1287 2204 dice·

183 2250 285 2314 batur.
330 2245 388 2313 sed
410 2251 580 2329 postquam
601 2245 704 2309 minus
726 2246 821 2326 aequi
844 2250 950 2311 essent
971 2247 1130 2333 homines,
1157 2249 1287 2315 minime
1300 2275 1324 2315 n

153 2379 255 2441 ‚cum
282 2356 328 2421 eis
356 2361 585 2420 conuersatam.
630 2360 799 2439 postquam
827 2374 905 2422 uero
931 2356 1093 2424 hominum
1123 2378 1227 2425 mores
1255 2359 1289 2423 in

185 2468 325 2537 deterius
347 2465 430 2530 uersi
447 2471 527 2547 sunt
550 2465 583 2528 in
604 2470 671 2530 toto
694 2484 728 2530 se
751 2485 768 2529 e
790 2465 881 2530 terris
902 2466 1034 2532 abstulit
1050 2473 1082 2533 et
1096 2468 1130 2531 in
1145 2488 1184 2532 ea
1197 2474 1289 2553 parte

185 2578 266 2645 caeli
288 2574 455 2653 habitauit,
478 2596 541 2656 qua
564 2581 595 2640 et
616 2594 702 2640 nunc
722 2579 873 2639 moratur.
916 2576 970 2639 alii
994 2575 1103 2642 dicunt
1125 2598 1196 2642 eam
1218 2598 1289 2644 esse

186 2688 343 2764 Cererem,
367 2684 452 2769 quod
475 2685 580 2769 spicas
602 2691 721 2769 teneat,
746 2686 800 2749 alii
822 2685 1003 2770 Atargatin,
1027 2687 1083 2752 alii
1104 2687 1288 2754 Fortunam.

188 2798 229 2864 ob
252 2818 346 2880 quam
368 2816 437 2861 rem
459 2795 526 2860 sine
549 2797 652 2880 capite
674 2797 768 2862 astris
789 2780 933 2861 infertur.
977 2796 1126 2882 Nigidius
1153 2799 1193 2864 de
1215 2800 1288 2863 uir·
1301 2823 1328 2863 m

186 2908 272 2992 gine
293 2907 338 2970 ita
351 2904 463 2970 refert:
485 2906 641 2988 uirginem
656 2906 808 2971 Iustitiam
824 2904 886 2969 dici
902 2906 970 2971 siue
985 2908 1185 2991 aequitatem,
1208 2928 1290 2991 quae

187 3018 228 3082 ab
251 3015 431 3081 bominibus
454 3018 620 3082 recesserit
646 3023 677 3082 et
698 3016 742 3081 ad
762 3015 946 3080 inmortales
968 3017 1079 3082 merito
1101 3019 1289 3101 peruenerit.

187 3149 259 3192 cum
280 3127 361 3191 inter
374 3127 525 3190 mortales
540 3127 731 3211 conueniret,
756 3127 902 3192 omnibus
917 3126 996 3192 locis
1012 3127 1291 3210 conciliabulisque

188 3237 311 3321 solitam
341 3235 513 3300 consistere
543 3241 575 3300 et
604 3237 789 3321 praecipere
811 3238 1006 3316 hominibus,
1036 3256 1075 3302 ne
1101 3243 1221 3302 temere
1249 3235 1289 3300 ab

88 3342 91 3348 ’
187 3345 344 3427 aequitate
367 3350 461 3428 atque
483 3345 603 3410 iustitia
622 3345 829 3413 discederent.
863 3348 1015 3431 quamdin
1029 3347 1178 3412 mortales
1192 3344 1291 3410 moni·
1304 3375 1330 3416 as

164 3574 321 3629 *idextra
338 3579 361 3625 P
383 3570 397 3644 Η
424 3574 576 3643 3singulis
595 3582 618 3629 P
645 3577 658 3646 ll
687 3577 803 3646 singulis
823 3577 976 3646 singulass
1006 3578 1020 3648 ll
1047 3575 1248 3633 4lueideorA
1276 3578 1289 3651 Η

188 3664 384 3729 8prrrecednnt
406 3666 494 3715 Garat.
515 3683 539 3715 a.
553 3673 676 3715 96-146
700 3663 713 3735 ll
737 3666 754 3719 9
775 3666 835 3717 Cat.
849 3652 889 3716 IX
909 3671 976 3733 Hpq.
992 3670 1019 3718 P.
1033 3670 1064 3719 A.
1077 3658 1108 3716 11
1119 3672 1154 3718 15
1167 3670 1211 3719 111
1223 3672 1258 3718 14
1276 3664 1290 3738 ΙΙ

188 3750 270 3804 Hanc
289 3753 306 3803 i.
317 3767 340 3801 e.
353 3753 483 3815 uir-qinom
504 3749 517 3820 Η
540 3755 646 3803 Hcsicd.
664 3752 814 3818 theopolis
830 3771 872 3819 op.
887 3762 913 3804 et
927 3756 1017 3805 (1164
1036 3751 1050 3824 ΙΙ
1070 3752 1140 3806 dicit
1158 3757 1219 3806 mid.
1233 3772 1246 3807 ε
1258 3771 1294 3806 ere

194 3839 282 3889 Vrbin.
305 3836 318 3907 ll
338 3837 371 3889 11
385 3837 539 3891 consultam
551 3841 599 3889 AP
616 3835 630 3909 Η
651 3842 812 3892 consuetam
825 3858 909 3907 uterq.
922 3858 999 3908 opop.
1014 3842 1105 3895 lieret.
1120 3839 1134 3912 ll
1154 3842 1188 3896 13
1201 3841 1293 3895 omnia

188 3926 370 3978 terramcrata
381 3928 429 3977 AP
448 3924 462 3997 ΙΙ
479 3926 571 3980 omnis
584 3925 612 3979 in
624 3929 699 3979 terra
711 3931 834 3982 moratos
847 3929 942 3994 scripsi
961 3930 995 3994 rs.
1013 3946 1104 3994 propr.
1117 3932 1194 3984 Posti.
1207 3949 1233 3996 p.
1247 3937 1265 3980 3
1278 3927 1292 4000 Η

190 4010 264 4064 alere
278 4015 325 4063 ΑΡ
343 4010 355 4082 Η
378 4028 459 4081 agere
478 4017 574 4081 scripsi
595 4011 609 4085 ΙΙ
629 4015 811 4068 consueuisse
825 4018 918 4068 addidi
931 4032 966 4067 ea
979 4018 1083 4081 prtno
1104 4015 1118 4088 Η
1138 4016 1189 4070 sed
1202 4017 1294 4071 omnia

189 4102 290 4153 terram
309 4103 415 4153 oratam
434 4099 558 4155 edidisse
578 4101 677 4171 quibus
696 4103 782 4156 uitam
801 4103 907 4157 alerent
924 4122 936 4156 ε
963 4101 975 4174 ll
999 4105 1033 4158 14
1051 4105 1221 4174 aequitatem
1240 4110 1261 4158 P
1281 4106 1293 4175 ΙΙ

191 4186 267 4238 eisA
289 4186 303 4258 ΙΙ
323 4187 418 4262 einsP
437 4185 449 4258 Η
470 4204 519 4243 111
538 4194 634 4256 scripsi
656 4189 669 4261 ll
690 4191 723 4245 15
740 4192 859 4245 minutae
879 4191 1057 4260 quiessentA
1080 4192 1093 4262 ΙΙ
1114 4195 1147 4248 17
1167 4197 1231 4247 sunt
1243 4210 1293 4245 om.

191 4274 212 4320 A
235 4267 248 4340 ΙΙ
269 4273 366 4327 adieris
379 4278 402 4325 P
420 4274 431 4343 ll
453 4276 487 4331 18
500 4282 657 4329 numeratur
670 4284 690 4329 A
713 4277 727 4348 ll
748 4281 781 4335 19
794 4282 903 4348 atargat
914 4279 942 4331 in
953 4284 974 4331 P
993 4276 1005 4349 ll
1025 4280 1060 4336 20
1072 4279 1106 4333 ab
1121 4285 1142 4331 A
1164 4278 1177 4351 ΙΙ
1196 4282 1230 4335 21
1244 4280 1292 4333 de-

192 4355 248 4411 dici
261 4362 281 4408 A
297 4357 311 4429 lt
325 4362 523 4433 aequitatemq.
538 4368 559 4416 Ρ
572 4359 585 4435 ΙΙ
600 4364 635 4419 22
646 4367 810 4421 remanserit
822 4367 847 4436 (s
859 4371 888 4418 io
899 4368 967 4434 ras.)
981 4371 1002 4419 Ρ
1014 4364 1027 4436 ΙΙ
1041 4367 1077 4422 24
1087 4369 1232 4440 precipere
1246 4373 1267 4422 Ρ
1278 4364 1293 4438 ΙΙ
