3254 5202
739 478 798 503 ‘—-
829 454 905 532 ‘120
948 491 985 503 -

279 632 457 709 sbrarent
481 627 628 709 cogitans
643 623 845 708 praeelaram
861 623 975 690 faeere.
1001 623 1082 711 [pro]
1106 643 1172 706 qua
1191 622 1328 707 primum
1341 643 1428 688 noua

319 743 419 822 nupta
440 741 594 803 eoronata
616 740 673 801 est.
705 736 764 802 sed
786 735 841 818 qui
865 733 989 799 Oretiea
1011 733 1200 816 conseripsit
1221 732 1332 810 refert,
1357 753 1427 797 enm

319 847 415 911 Liber
441 844 484 910 ad
506 845 643 911 Minoem
669 866 779 930 regem
807 843 964 921 uenisset,
995 848 1029 906 ut
1050 841 1213 907 Ariadnen
1237 841 1307 908 eius
1329 841 1428 907 filiam

319 973 452 1019 uxorem
471 953 612 1040 dooeret,
636 974 787 1021 eoronam
810 951 929 1016 donum
944 950 1108 1017 Ariadnae
1132 951 1269 1031 dedisse,
1291 951 1429 1017 Vulcani

296 1083 418 1148 sopore
444 1064 560 1129 foetam
588 1084 629 1129 ex
657 1084 736 1128 auro
766 1066 798 1126 et
824 1060 959 1145 gemmis
981 1059 1141 1144 pretiosis.
1172 1066 1204 1125 et
1225 1060 1282 1125 tali
1303 1059 1430 1142 fulgore

320 1171 391 1251 fuit,
412 1178 447 1237 ut
461 1173 589 1237 Thesea
610 1192 650 1237 ex
672 1170 854 1257 labyrintho
876 1169 1037 1235 liberaret.
1069 1189 1153 1252 quae
1174 1176 1248 1254 post
1269 1169 1365 1235 astris
1385 1168 1432 1233 ai-

320 1279 402 1359 fixa,
430 1281 562 1345 eumin
583 1282 678 1347 Naxo
705 1281 832 1363 utrique
860 1278 1032 1344 uenissent.
1063 1279 1190 1363 signum
1216 1279 1335 1345 amoris
1362 1278 1431 1344 eius

323 1387 426 1453 crines
450 1389 622 1454 ostendunt
643 1389 819 1473 stellaeque
840 1387 967 1472 fulgent
989 1388 1048 1454 sub
1072 1389 1185 1466 oaudn.
1198 1388 1310 1455 leonis.
1332 1386 1432 1453 babet

323 1516 442 1561 eorona
471 1499 583 1565 stellas
611 1522 681 1563 vnn
714 1499 747 1563 in
779 1497 910 1562 oirouitu
938 1497 1075 1581 positas,
1108 1518 1241 1579 quarum
1266 1502 1333 1563 tres
1359 1501 1433 1561 sunt

287 1633 313 1674 ro
324 1604 514 1688 splendidae
536 1606 579 1671 ad
601 1609 705 1693 eapud
727 1606 886 1692 serpentis
909 1605 1036 1671 areturi.

408 1713 478 1778 Hao
501 1715 679 1799 ophiuohus
702 1715 772 1804 erit]

410 1821 469 1887 Hie
492 1830 542 1888 est
560 1826 785 1910 serpentarius,
809 1824 865 1906 qui
887 1842 984 1907 supra
1007 1822 1210 1907 soorpionem
1232 1828 1296 1888 stat
1318 1826 1432 1887 tenens

324 1935 461 2012 utraque
487 1952 586 1997 manu
612 1941 804 2019 serpentem.
839 1934 881 1998 ab
909 1932 1080 2017 astrologis
1106 1932 1223 1998 dieitur
1245 1932 1346 1997 luisse
1375 1930 1432 1994 As·

288 2098 414 2179 afiliae
436 2100 551 2167 Minois
573 2104 670 2187 regis,
692 2103 726 2166 in
747 2122 878 2167 munere
902 2102 989 2186 apud
1012 2103 1127 2168 Creten
1150 2101 1289 2166 insulam
1313 2099 1435 2165 donata

289 2205 437 2286 pluerit,
461 2228 532 2273 oum
554 2232 574 2274 a
596 2211 765 2295 Dionysio,
789 2209 844 2292 qui
867 2215 899 2274 ot
919 2211 1017 2276 Liber
1038 2218 1141 2295 pater,
1166 2210 1263 2275 etiam
1286 2207 1434 2274 Baoohus

328 2314 451 2400 dioitrn,
475 2319 656 2385 nuberetur.
685 2320 776 2384 aiunt
797 2339 924 2401 quoque
953 2326 985 2385 et
1012 2322 1114 2387 orines
1141 2319 1244 2404 ipsius
1267 2339 1338 2386 esse
1361 2318 1435 2384 stel-

327 2422 392 2503 las,
422 2443 507 2506 quae
529 2428 681 2493 uidentur
703 2429 762 2493 sub
785 2427 890 2494 cauda
911 2431 1024 2497 leonis.
1059 2432 1157 2496 habet
1179 2449 1299 2496 eorona
1321 2424 1434 2493 stellas

327 2555 399 2596 vnn
419 2533 452 2598 in
475 2535 607 2601 oirouitu
629 2537 762 2620 positas.
786 2556 919 2619 quarum
935 2545 999 2607 tres
1015 2544 1089 2605 sunt
1110 2537 1301 2624 splendidae
1324 2536 1368 2601 ad
1383 2555 1435 2600 ea-

327 2642 394 2729 pud
416 2645 573 2729 serpentis
595 2646 722 2711 areturi.

289 2795 317 2834 ,ο
413 2753 560 2820 Ceterum
583 2756 812 2839 serpentarius,
836 2756 892 2838 qui
914 2776 1010 2840 super
1024 2755 1226 2842 scorpionem
1248 2755 1436 2822 constitutus

330 2867 388 2939 est,
409 2852 526 2929 tenens
546 2869 684 2946 utraque
710 2885 808 2930 manu
829 2871 1024 2959 serpentem,
1052 2867 1094 2930 ab
1122 2864 1296 2947 astrologis
1322 2863 1437 2928 dieitur

291 3070 312 3119 ς
366 3051 381 3104 1
401 3066 452 3120 pro
472 3051 560 3102 delent
580 3048 593 3119 Η
615 3064 669 3118 quo
686 3056 707 3105 8
733 3049 747 3121 Η
771 3067 872 3106 nonam
891 3055 1005 3124 nuptam
1021 3055 1042 3105 8
1071 3032 1085 3122 Η
1113 3053 1131 3107 2
1149 3052 1281 3106 oretioam
1298 3054 1319 3104 8
1340 3048 1354 3120 Η
1374 3049 1439 3120 quia

330 3156 392 3195 eum
413 3143 436 3191 V
456 3136 469 3208 Η
488 3139 506 3193 3
523 3137 656 3202 minorem
674 3141 695 3191 S
715 3137 729 3209 Η
748 3118 878 3203 uenisset
896 3143 916 3191 8
936 3137 951 3209 Η
976 3143 1008 3193 ut
1026 3138 1120 3192 amane
1138 3136 1223 3192 filiam
1241 3139 1302 3193 eius
1321 3137 1437 3191 duooret

329 3242 443 3281 uxorem
467 3231 488 3278 V
507 3223 521 3296 Η
539 3224 558 3278 4
576 3222 677 3277 donum
696 3245 746 3280 om.
764 3232 787 3280 V
806 3225 819 3296 Η
840 3225 973 3280 adriadno
992 3230 1013 3279 8
1034 3225 1048 3295 Η
1068 3225 1182 3280 adriane
1206 3231 1229 3279 V
1252 3223 1266 3296 Η
1291 3226 1308 3282 5
1325 3224 1435 3296 presio-

331 3314 371 3369 sis
395 3311 448 3382 Vi!
467 3312 553 3366 telem
571 3312 746 3381 fulgorems
772 3310 785 3382 Η
810 3312 877 3367 talis
896 3312 1012 3381 fulgoris
1036 3318 1058 3365 V
1083 3310 1095 3383 Η
1122 3313 1250 3367 dihesis
1272 3318 1295 3366 V
1319 3311 1333 3381 Η
1357 3311 1435 3365 labe-

330 3400 422 3454 rintho
441 3403 462 3451 8
482 3398 495 3468 Η
516 3399 654 3453 laberinto
678 3404 700 3451 V
719 3398 733 3469 Η
752 3399 905 3453 liberasset
922 3404 943 3452 8
967 3397 980 3469 Η
1006 3397 1090 3452 affixa
1108 3403 1153 3452 ost
1175 3404 1197 3451 V
1221 3398 1234 3469 Η
1261 3399 1276 3453 7
1294 3413 1363 3453 noso
1382 3403 1403 3451 S
1423 3395 1437 3467 Η

331 3486 390 3555 figo
409 3490 430 3538 8
449 3483 463 3557 Η
481 3488 498 3541 8
517 3486 608 3540 crines
626 3492 659 3541 de
678 3485 776 3540 offodit
794 3490 815 3538 8
834 3484 848 3555 Η
869 3490 899 3540 ot
917 3490 963 3540 est
981 3485 1072 3539 stellis
1090 3484 1262 3557 fulgentibus
1280 3491 1302 3538 V
1320 3484 1334 3556 Η
1355 3484 1438 3539 stelle

331 3578 387 3644 <1³⁸
401 3572 415 3642 Η
432 3575 449 3628 9
462 3577 564 3644 postes
576 3588 681 3628 corona
692 3574 799 3628 habens
813 3573 912 3627 stellas
925 3588 1026 3627 nouom
1039 3571 1068 3624 in
1081 3571 1198 3626 enomtn
1210 3572 1319 3643 positos
1335 3572 1438 3625 Rubos.

331 3663 422 3712 Maur.
436 3664 752 3729 deconsp.niom.1p.
766 3670 819 3714 ⁶9⁶
832 3664 918 3729 Mipu.
933 3658 947 3730 Η
965 3661 1001 3716 10
1013 3662 1099 3728 eaput
1115 3664 1137 3710 V
1153 3657 1167 3729 Η
1186 3660 1219 3714 11
1236 3662 1325 3711 Germ.
1334 3664 1438 3709 76-88

331 3751 352 3800 8
373 3745 386 3816 Η
406 3745 560 3816 laquies
584 3752 606 3798 V
625 3746 638 3817 Η
658 3748 819 3816 astrologiis
839 3750 858 3799 8
880 3746 893 3817 Η
913 3746 1104 3822 Aeseulepius
1129 3751 1151 3799 V
1169 3744 1183 3815 Η

296 3920 320 3968 a
371 3904 408 3958 14
425 3867 524 3967 minim
539 3903 578 3955 d·
598 3902 612 3972 Η
632 3903 811 3957 inmanered
831 3900 844 3971 Η
865 3906 969 3956 erotem
987 3900 1107 3956 insolam
1127 3899 1255 3971 (insulam
1271 3896 1359 3967 θ’θ’)
1374 3901 1439 3953 (ἔθ’

334 3987 372 4044 (pb
392 3988 405 4060 Η
431 3989 535 4043 donati.
555 3989 645 4043 (ΜΝ
661 4009 729 4043 corr.
746 3986 795 4041 (μ’
820 3987 833 4058 Η
857 3989 892 4043 15
911 3988 1033 4043 dionisio
1054 3990 1078 4041 G
1103 3986 1117 4056 ΙΙ
1142 3985 1271 4056 dyonisio
1289 3997 1351 4054 post
1364 4004 1438 4039 corr.

263 4114 268 4124 -
334 4075 412 4131 &Gi
433 4074 446 4147 Η
465 4080 546 4146 pater
564 4076 637 4129 liber
656 4075 733 4130 (3⁰6⁶
752 4074 766 4147 Η
785 4075 892 4129 bachus
908 4073 1012 4128 G‘G‘G‘
1033 4073 1046 4146 Η
1066 4076 1101 4130 18
1118 4074 1228 4145 positus
1249 4071 1376 4126 G⁶¹oora
1390 4072 1439 4125 6⁶²

261 4168 267 4175 '
334 4163 347 4234 Η
368 4168 453 4235 eaput
467 4161 544 4216 G‘Gl
565 4162 578 4234 Η
599 4165 633 4218 19
652 4172 712 4230 post
731 4161 833 4216 arcturi
852 4164 990 4230 inscriptio
1011 4159 1171 4218 CORONA
1185 4161 1249 4212 (ἔθα
1262 4162 1338 4228 infra
1351 4163 1439 4229 imoyo

332 4267 445 4302 coronae
467 4248 571 4305 (potat
591 4250 604 4321 Η
