3202 5200
771 500 1006 565 -188-

297 678 412 755 Serge
440 671 591 736 zodiacus
619 669 754 735 circulus
781 668 930 751 obliquus
959 668 1041 734 siout
1069 674 1102 733 et
1127 666 1248 733 lacteus
1270 671 1446 757 secundum

335 776 546 858 Aristotelem,
570 778 716 861 quamuis
731 778 855 862 physici
871 784 981 843 contra
997 777 1104 841 dicant
1118 782 1270 860 utrosque
1293 778 1444 846 directos.

335 890 425 954 ouius
449 888 622 971 obliquitas
645 888 677 952 id
701 894 749 952 est
764 887 888 953 zodiaci
904 887 1015 953 circuli
1037 887 1114 951 solis
1137 906 1263 952 cursum
1286 890 1380 953 modo
1403 892 1447 956 ad

334 998 502 1063 hiemalem
525 998 676 1063 circulum
699 998 811 1079 uergit,
835 996 930 1062 modo
954 997 998 1062 ad
1020 996 1178 1061 aestiuum
1200 998 1325 1082 attollit,
1347 1001 1445 1066 modo

310 1107 376 1171 rad
398 1108 664 1190 aequinoctialem
690 1108 740 1172 bis
767 1106 800 1170 in
823 1127 906 1170 anno
936 1105 969 1169 id
993 1112 1042 1170 est
1068 1111 1196 1170 euntem
1219 1121 1246 1171 et
1267 1108 1446 1177 redeuntem

335 1217 481 1281 admittit.
516 1216 601 1283 unde
624 1217 658 1281 fit
680 1222 727 1295 ut,
756 1237 827 1280 oum
850 1216 998 1280 hiemalis
1022 1214 1162 1279 deuexus
1185 1214 1293 1300 fuerit,
1324 1219 1447 1285 maiora

336 1333 410 1392 sunt
436 1328 540 1410 spatia
568 1327 669 1391 noetis
699 1347 794 1407 quam
817 1325 882 1390 diei
905 1332 937 1390 et
959 1330 1044 1388 terra
1067 1344 1105 1390 eo
1129 1344 1149 1388 a
1173 1343 1208 1390 se
1230 1325 1358 1410 longius
1380 1329 1445 1394 dis-

336 1442 484 1501 currente
510 1437 623 1501 hiemis
649 1437 773 1520 rigores
801 1435 956 1499 sustineat
983 1439 1027 1512 et,
1056 1454 1126 1499 cum
1154 1454 1190 1499 se
1217 1434 1445 1511 adaestiuum

337 1545 497 1629 extulerit,
526 1546 648 1610 maiora
679 1546 741 1609 sint
767 1544 873 1626 spatia
901 1543 964 1607 diei
991 1563 1084 1625 quarn
1112 1543 1214 1608 noctis
1242 1550 1273 1609 et
1299 1551 1384 1610 terra
1406 1568 1444 1614 eo

299 1673 454 1739 usupare
477 1675 511 1720 se
533 1656 664 1739 propius
687 1673 813 1719 cursum
835 1652 970 1717 faciente
991 1651 1147 1718 calefacta
1169 1653 1294 1719 semina
1317 1676 1445 1738 quoque

336 1771 491 1849 concepta
518 1770 642 1829 matura
667 1762 802 1829 reddere
832 1765 967 1842 cogatur
994 1767 1024 1826 et
1052 1782 1122 1826 eum
1157 1782 1192 1827 se
1219 1765 1444 1847 aequinoctiali

265 1880 275 1901 ·
337 1873 459 1938 dederit
481 1874 629 1955 aequalia
652 1873 715 1937 sint
738 1871 843 1955 spatia
858 1870 979 1933 dierum
1002 1890 1042 1935 ao
1064 1872 1205 1936 noctium
1221 1878 1252 1937 et
1268 1879 1353 1938 terra
1375 1895 1444 1939 uer-

337 1983 427 2046 nales
450 1982 518 2046 siue
534 1984 758 2066 autumpnales
773 1979 944 2064 temperies
967 1984 1021 2042 aut
1043 1999 1081 2044 eo
1103 2001 1123 2045 a
1145 1981 1280 2046 brumali
1297 1984 1446 2048 ueniente

337 2090 380 2155 ad
403 2091 562 2155 aestiuum
585 2092 739 2157 redeunte
761 2088 925 2172 suscipiat.
960 2108 1042 2169 quae
1065 2091 1187 2168 omnia,
1211 2099 1365 2176 utsupra
1388 2093 1447 2158 tati

300 2223 324 2260 1⁵
338 2221 456 2278 sumus,
481 2201 626 2266 eiusdem
649 2199 793 2282 signiferi
816 2197 987 2279 obliquitas
1010 2196 1094 2262 facit.
1127 2200 1181 2281 qui
1204 2201 1231 2268 si
1254 2206 1340 2267 recta
1361 2203 1448 2268 linea

338 2309 378 2373 ab
395 2310 516 2376 oriente
531 2310 564 2374 in
581 2309 779 2375 occidentem
794 2307 996 2384 discurreret,
1019 2313 1054 2371 ut
1075 2310 1200 2396 physici
1223 2310 1341 2394 dieunt,
1365 2332 1446 2376 sem-

337 2438 394 2501 per
421 2420 573 2500 aequales
603 2418 674 2484 dies
701 2427 732 2485 et
757 2422 868 2481 noctes
896 2416 1068 2483 existerent
1096 2426 1127 2483 et
1154 2420 1243 2484 nulla
1269 2427 1446 2505 temporum

338 2527 477 2593 uarietas
492 2528 644 2593 mundum
661 2533 795 2594 ornaret.
819 2525 915 2611 igitur
930 2545 986 2610 per
1002 2527 1139 2593 eundem
1163 2529 1353 2610 signiferum
1375 2550 1446 2615 sep-

336 2641 401 2700 tem
434 2638 598 2702 stellarum
632 2638 802 2702 errantium
835 2635 944 2701 circuli
976 2634 1121 2701 feruntur
1153 2637 1186 2701 id
1214 2644 1264 2704 est
1290 2638 1445 2706 Saturnus

298 2745 423 2810 colonis
445 2746 531 2810 Mars
553 2748 609 2812 Sol
631 2748 739 2811 Venus
761 2745 937 2812 Mercurius
958 2747 1044 2811 luna.

422 2854 532 2937 Sopito
559 2856 657 2938 uigile
679 2854 813 2942 incesto]

423 2965 563 3030 Dubium
598 2967 681 3031 enim
714 2985 780 3031 non
814 2971 862 3030 est
893 2964 1024 3047 triginta
1056 2966 1196 3048 quinque
1224 2964 1325 3051 signis
1354 2987 1448 3032 omne

338 3073 562 3158 splendescere
589 3075 727 3153 caelum,
756 3074 819 3139 nisi
841 3074 919 3139 torte
943 3075 1021 3140 uelit
1044 3066 1115 3157 qui's
1136 3094 1246 3141 eorum
1268 3076 1449 3157 gestamina

338 3186 461 3251 sociare
489 3192 523 3249 ut
549 3205 694 3269 capram,
723 3204 806 3268 quae
833 3185 967 3250 eniooho
990 3185 1209 3268 superposita,
1237 3190 1293 3250 aut
1314 3182 1447 3273 haedos,

300 3294 485 3377 requietus
508 3294 639 3358 humero
662 3294 865 3376 sustinentur,
890 3293 941 3356 uel
964 3299 1153 3379 serpentem,
1176 3313 1270 3376 quem
1293 3292 1449 3376 ophiucus

301 3466 325 3515 S
376 3467 393 3520 3
412 3464 564 3533 obliquitas
584 3464 608 3533 Η·
628 3463 739 3519 zodiaci
757 3470 777 3518 8
803 3465 815 3537 Η
840 3466 858 3519 4
876 3469 919 3518 md
939 3463 974 3517 ad
993 3468 1014 3516 S
1034 3463 1047 3534 Η
1067 3466 1085 3521 5
1103 3480 1176 3518 anno
1195 3463 1269 3517 idem
1289 3465 1322 3529 ad
1341 3461 1448 3515 eundez

338 3559 359 3605 S
380 3554 392 3623 Η
418 3569 489 3607 anno
508 3552 537 3604 id
556 3556 602 3605 eet
621 3556 731 3605 euntem
751 3556 780 3605 et
797 3551 961 3605 redeuntem
979 3553 1060 3603 schot.
1074 3556 1213 3617 Shopcrro.
1236 3548 1249 3619 Η
1274 3554 1291 3607 6
1311 3551 1344 3614 ad
1362 3548 1450 3602 mittit

339 3645 359 3693 S
381 3639 393 3709 Η
414 3639 562 3693 iemalisS
587 3639 600 3708 Η
627 3639 775 3708 Ἠοξῃίιιε
796 3644 815 3686 8
837 3636 849 3706 Η
874 3638 1005 3693 9extiu1'1
1024 3643 1044 3689 S
1065 3635 1078 3708 Η
1100 3640 1133 3693 10
1152 3653 1252 3708 supere
1271 3641 1292 3689 S
1312 3634 1325 3704 Η
1345 3630 1473 3705 supera'

340 3744 370 3782 se
389 3732 485 3794 scripsi
507 3726 520 3797 Η
540 3726 624 3781 talem
644 3730 707 3780 sata
724 3731 744 3779 S
765 3725 779 3797 Η
806 3725 945 3779 calefacta
962 3726 1043 3779 schot
1062 3729 1201 3790 Scopam.
1223 3724 1235 3792 Η
1257 3725 1291 3778 12
1311 3727 1374 3776 sunt
1392 3727 1413 3775 S
1434 3720 1450 3791 Η

340 3816 374 3870 13
392 3815 557 3886 autupnales
576 3820 596 3865 S
619 3813 631 3885 Η
652 3814 786 3867 ebrumali
806 3820 826 3864 S
849 3813 862 3883 Η
883 3812 918 3865 14
936 3805 988 3882 sup
1008 3811 1045 3863 tei
1065 3810 1137 3863 sum⁰
1155 3815 1175 3862 S
1196 3809 1209 3879 Η
1230 3809 1383 3880 suprafati
1403 3825 1449 3861 sn-

339 3914 399 3954 mus
418 3907 514 3969 scripsi
536 3899 547 3972 Η
569 3903 604 3957 16
621 3901 724 3972 phisici
737 3905 757 3952 S
776 3899 790 3971 Η
810 3902 845 3956 20
858 3902 898 3951 hic
913 3903 1011 3965 lepitor
1023 3903 1050 3950 ia
1061 3902 1229 3950 Strozzr'crro
1243 3898 1367 3949 cnrhleom
1382 3898 1451 3947 illud

340 3990 531 4055 democritus,
551 3983 621 4056 qaod
634 3992 714 4040 attali
727 3992 756 4040 irc
769 3992 858 4055 praef·
880 3984 892 4056 Η
914 3987 948 4040 21
970 3989 1057 4039 Gerar.
1069 3987 1245 4069 §gg-593&
1266 3981 1278 4052 Η
1299 3985 1333 4038 22
1355 3986 1452 4034 Totum

339 4077 387 4127 hoc
406 4084 486 4141 caput
506 4094 541 4128 cac
555 4079 694 4129 Martiano
710 4076 823 4139 Capella
842 4082 974 4137 sumptam
988 4082 1027 4124 cst
1048 4077 1081 4139 cs.
1097 4075 1182 4124 Mart.
1200 4072 1266 4137 Cap.
1285 4073 1349 4122 7111
1361 4076 1450 4119 838—

338 4171 391 4216 846
411 4164 424 4231 Η
444 4164 479 4218 23
498 4163 594 4232 qnisq3
614 4167 634 4214 S
654 4160 667 4230 Η
689 4161 725 4215 24
743 4160 881 4233 sotiareS
903 4160 915 4227 Η
937 4159 1045 4213 sociere
1064 4158 1132 4211 licet
1150 4157 1308 4211 animalium
1326 4154 1452 4208 uocabu-

339 4250 374 4303 lis
395 4254 563 4303 censeantur
584 4253 738 4301 .t1or·ttorror
763 4243 776 4316 Η
802 4261 887 4316 capra
906 4251 925 4298 S
952 4244 967 4317 Η
993 4261 1105 4316 capram
1124 4248 1221 4311 scripsi
1248 4241 1262 4314 Η
1287 4242 1377 4296 hedos
1396 4245 1417 4293 S
1437 4240 1453 4312 Η

339 4338 373 4394 25
392 4337 528 4408 ophiocus
547 4338 568 4387 8
588 4334 602 4407 Η
