3254 5202
632 431 895 500 -119-

192 605 304 666 contra
326 600 500 666 draconem
523 603 668 684 porrecto
683 599 833 685 pingitur,
856 605 891 679 ut
913 601 1095 668 certaminis
1109 602 1222 677 labore
1237 606 1344 688 sig-,5

190 709 342 777 nificetur.
374 708 448 774 ideo
476 708 594 792 pellem
616 710 718 774 leonis
740 709 773 774 in
797 709 929 777 sinistra
950 730 1049 777 manu
1072 711 1190 778 habere
1211 713 1301 797 fingi-

188 824 248 898 tur,
282 825 317 883 ut
351 818 486 900 insignis
515 818 631 883 uirtute
664 824 870 899 monstretur,
905 821 981 903 quia
1015 822 1143 887 leonem
1170 822 1300 890 inermis

188 928 390 994 interfecisse
424 934 583 992 narratur.
618 927 716 997 habet
742 934 850 993 autem
876 930 988 995 stellas
1014 930 1048 995 in
1077 931 1180 1016 capite
1209 955 1235 1017 1,
1266 934 1300 998 in

189 1037 323 1121 singulis
352 1037 493 1103 humeris
523 1037 670 1119 singulas
698 1036 902 1122 splendidas,
929 1039 963 1103 in
991 1038 1118 1105 sinistro
1146 1042 1252 1108 cubito
1275 1067 1323 1125 1,s

188 1147 222 1236 in
243 1146 360 1213 eadem
381 1167 479 1212 manu
493 1171 505 1211 1
521 1153 553 1212 et
574 1147 607 1211 in
630 1144 743 1210 ecdem
764 1146 912 1212 bracchio
929 1171 949 1232 1,
973 1149 1006 1212 in
1028 1147 1155 1216 sinistro
1177 1151 1297 1218 femore

188 1280 214 1341 1,
241 1256 276 1321 in
304 1257 417 1322 dextra
444 1263 536 1342 parte
560 1253 691 1321 femoris
713 1276 751 1333 11,
778 1253 812 1318 in
840 1254 953 1322 dextra
981 1276 1063 1323 coxa
1082 1281 1121 1338 11,
1149 1258 1182 1323 in
1211 1280 1298 1343 genu

189 1365 301 1432 dextro
322 1388 343 1450 1,
367 1367 400 1431 in
422 1367 538 1453 eedem
560 1364 640 1431 tibia
661 1387 682 1448 1,
707 1361 765 1429 ἐπὶ
787 1359 927 1450 γόνατος
949 1389 961 1429 1
983 1371 1014 1430 et
1034 1365 1067 1430 in
1089 1387 1179 1433 crure
1201 1392 1239 1454 11,
1263 1371 1296 1434 in

162 1530 166 1533 .
186 1474 297 1541 dextro
320 1475 404 1560 pede
425 1500 451 1560 1,
482 1476 515 1540 in
538 1474 652 1541 eodem
674 1474 757 1558 pede
779 1493 891 1558 unam,
915 1475 948 1539 in
971 1475 1086 1541 dextra
1109 1495 1240 1542 manui
1263 1484 1296 1545 et

187 1585 220 1647 in
243 1584 353 1664 claua,
381 1606 478 1668 quam
507 1589 593 1650 tenet
619 1583 653 1675 in
681 1582 794 1648 eadem
815 1602 914 1648 manu
936 1606 962 1663 1,
994 1584 1028 1649 in
1054 1585 1184 1652 leonina
1208 1586 1294 1671 pelle
1308 1616 1333 1655 ιο

186 1700 331 1776 quatuor.
362 1699 436 1760 sunt
460 1713 571 1759 omnes
593 1714 696 1756 xxnu.

270 1805 352 1869 Tum
374 1802 453 1870 fessi
475 1801 596 1888 subter]

270 1913 360 1977 Haec
382 1931 502 1978 corona
523 1910 639 1976 dicitur
658 1929 731 1976 esse
752 1910 924 1991 Ariadnes,
953 1910 1169 1993 quamLiber
1197 1914 1293 1980 astris

184 2020 332 2088 intulisse
355 2020 479 2101 dieitur,
503 2040 574 2085 cum
597 2021 665 2087 eius
688 2018 817 2103 nuptias
839 2018 885 2083 dii
905 2019 940 2084 in
960 2020 1067 2085 insula
1090 2019 1187 2085 Creta
1209 2022 1291 2088 cele-

183 2215 334 2301 pingitur,
357 2220 393 2280 ut
415 2214 596 2281 certaminis
617 2214 711 2280 labor
732 2212 938 2294 significetur.
961 2215 1034 2280 ideo
1050 2215 1167 2298 pellem
1187 2214 1330 2288 leonino

182 2326 216 2390 in
244 2324 376 2390 brachio
403 2323 523 2389 habere
549 2324 692 2408 fingitur,
724 2326 759 2386 ut
784 2320 911 2406 insigne
930 2321 1062 2406 ,uirtutis
1089 2329 1290 2403 monstretur,

183 2434 260 2516 quia
285 2434 412 2499 leonem
438 2431 638 2499 interfecisse
664 2436 823 2497 narratur.
862 2430 960 2497 habet
987 2436 1092 2496 autern
1118 2430 1227 2496 stellas
1256 2430 1290 2495 in
1353 2458 1356 2467 ·

183 2542 287 2628 capite
314 2561 425 2620 unam,
452 2540 486 2604 in
515 2540 649 2626 singulis
670 2540 811 2608 brachiis
843 2538 1001 2624 singulas,
1023 2538 1057 2602 in
1079 2538 1214 2623 singulis
1233 2539 1289 2604 hu-

182 2652 278 2717 meris
301 2649 444 2734 singulas
466 2649 661 2733 splendidas,
684 2651 716 2714 in
740 2647 847 2714 cubito
869 2647 997 2713 sinistro
1020 2667 1132 2727 unam,
1154 2647 1188 2711 in
1208 2666 1289 2713 una·

132 2794 136 2801 ·
182 2781 310 2846 quaque
331 2779 430 2824 manu
456 2778 569 2842 unam,
601 2759 635 2823 in
661 2776 854 2840 unoquoque
879 2756 935 2823 ilio
962 2775 1071 2835 unam,
1100 2755 1134 2821 in
1156 2757 1327 2848 dexteram

182 2889 264 2936 coxa
280 2869 369 2953 duas,
393 2867 427 2932 in
442 2867 572 2933 sinistre
586 2867 734 2953 geniculo
751 2885 856 2950 unam,
873 2866 907 2930 in
922 2865 1054 2931 dextera
1068 2885 1167 2933 manu
1182 2886 1288 2950 unam,

182 2980 238 3065 qui
259 2984 392 3044 uocatur
413 2978 555 3061 ropalus.

268 3087 426 3152 Coronam
448 3084 524 3153 ideo
542 3085 626 3153 inter
649 3089 739 3152 astra
759 3085 961 3191 conlocatam
978 3084 1123 3151 fecerunt
1142 3101 1181 3151 eo
1202 3086 1290 3169 quod

180 3221 202 3266 a
223 3197 369 3269 Vulcano
390 3195 478 3263 facta
500 3215 578 3264 auro
601 3202 634 3262 et
654 3194 790 3280 gemmis
812 3194 963 3279 pretiosis
984 3200 1099 3263 ornata
1112 3193 1287 3281 Ariadnae,

216 3398 231 3450 1
251 3397 345 3448 erecto
364 3395 494 3463 porrecto
519 3397 541 3445 V
558 3391 571 3462 Η
590 3393 670 3448 labor
693 3390 746 3462 ΡΗ
767 3392 784 3446 3
800 3390 911 3460 insigne
929 3390 1041 3446 uirtutis
1064 3395 1090 3467 Vl
1104 3388 1118 3463 Η
1137 3395 1326 3450 mestrem-S

180 3484 262 3536 rurs
284 3477 297 3550 Η
317 3481 334 3535 6
353 3478 452 3533 eodem
469 3494 552 3534 manu
575 3484 598 3533 V
616 3477 631 3550 Η
651 3482 680 3532 et
698 3496 747 3531 om.
766 3483 789 3531 V
812 3475 826 3548 Η
850 3477 966 3533 brachio
990 3482 1013 3530 V
1035 3473 1049 3547 Η
1073 3478 1092 3532 8
1108 3488 1170 3545 post
1188 3478 1260 3532 tibia
1277 3495 1288 3531 1

179 3571 305 3621 dimidiae
324 3570 411 3618 iioerw
430 3569 527 3617 lucane
550 3565 603 3636 Vll
630 3568 917 3626 Enii'oNATocS
942 3561 956 3633 Η
982 3566 1012 3616 et
1030 3580 1078 3617 cm.
1097 3567 1120 3616 V
1138 3561 1150 3631 Η
1175 3563 1204 3616 in
1223 3578 1286 3618 crus

179 3658 200 3707 S
221 3652 234 3725 ΙΙ
258 3654 287 3706 in
306 3652 541 3707 dextro-unam
559 3673 609 3708 om.
634 3659 664 3718 V,
689 3657 781 3706 ecdem
798 3655 882 3706 oeric
900 3654 936 3702 aa
954 3652 1102 3717 marciscat
1119 3651 1142 3700 S
1158 3658 1220 3717 post
1239 3665 1286 3704 eo·

181 3741 244 3795 dem
261 3739 335 3811 pede
353 3757 365 3791 1
383 3742 479 3792 addito
498 3741 539 3792 hic
558 3742 723 3793 conlocando
740 3755 797 3791 erre
817 3739 973 3793 caiatimoui
993 3735 1006 3806 Η
1027 3737 1062 3791 10
1078 3733 1154 3806 pelle
1173 3750 1207 3789 ,0.
1231 3741 1254 3790 V
1272 3734 1287 3806 ΙΙ

179 3828 213 3883 12
234 3830 322 3879 Germ.
337 3829 480 3878 w-uS
506 3825 520 3896 Η
547 3827 581 3880 13
600 3822 748 3879 adriadnes
766 3827 788 3877 S
808 3822 821 3894 Η
843 3822 992 3891 adriagnes
1015 3825 1038 3874 V
1056 3819 1069 3892 Η
1090 3822 1125 3878 14
1143 3821 1207 3877 dum
1230 3827 1253 3875 V
1271 3821 1285 3893 Η

178 3914 208 3967 in
226 3912 309 3966 onas
329 3909 342 3981 Η
363 3909 482 3966 insulam
501 3915 606 3967 cretam
623 3914 644 3964 S
665 3910 679 3982 Η

214 4054 248 4108 16
265 4054 466 4107 monstraretur
481 4050 558 4106 Gabii
578 4050 593 4122 Η
612 4053 646 4107 17
666 4051 758 4123 quati
777 4049 790 4121 Η
810 4051 844 4106 21
863 4048 948 4104 dexte
962 4049 987 4117 G
1006 4048 1019 4118 Η
1037 4050 1114 4117 infra
1132 4051 1219 4115 imoyo
1239 4051 1285 4102 da·
1299 4060 1323 4108 a
1358 4104 1363 4113 ,

177 4143 252 4208 picto
269 4157 326 4192 com
343 4141 518 4205 inscriptione
532 4138 746 4194 HERGVLVS
763 4135 970 4210 (HEROVLIS
987 4135 1036 4203 Ψ)
1054 4135 1119 4188 6¹6⁰
1133 4136 1284 4203 inscriptio·
1359 4156 1364 4164 ·

177 4242 237 4281 aem
255 4243 305 4281 om.
321 4221 357 4278 6⁶
378 4222 393 4299 Η
412 4224 448 4281 24
464 4223 583 4281 uulcauo
601 4243 670 4285 corr.
683 4242 719 4279 ec
736 4224 857 4296 uulgano
872 4224 911 4277 o·
929 4222 942 4296 Η
961 4221 1080 4281 ansani
1094 4215 1197 4274 06*θῦ
1217 4215 1231 4297 Η
