3254 5202
767 511 978 578 ‚35-

320 685 388 750 lion
402 685 487 751 misit
501 683 562 748 uiri
576 682 703 759 fiebant,
724 686 801 763 quot
815 682 938 768 Pyrrha
952 681 1100 747 feminae.
1127 700 1191 764 quo
1205 688 1300 766 pacto
1315 702 1425 748 rursus

322 793 484 858 bominum
512 812 613 876 genus
643 811 715 857 esse
742 797 861 876 natum,
892 812 932 856 ex
960 811 1022 872 quo
1051 811 1166 875 graece
1187 791 1261 856 lace
1281 792 1424 858 homines

323 907 522 967 uocarentur.
567 902 608 967 ab
642 901 781 982 antiquis
810 901 940 982 quidem
970 899 1033 965 dici
1061 903 1241 969 Aristaeum
1267 899 1426 982 Apollinis

324 1011 431 1077 filium.
464 1024 562 1092 quare
583 1009 783 1075 nobilitatem
804 1010 983 1093 possideres
1010 1029 1103 1092 quem
1124 1009 1242 1095 Apollo
1263 1007 1362 1073 fertur
1383 1029 1425 1075 ex

300 1121 452 1205 sOyrene
472 1138 676 1203 procreasse,
699 1140 795 1203 quam
818 1120 994 1205 conpressit
1014 1120 1047 1185 in
1069 1125 1177 1185 moute
1200 1118 1342 1203 Orpheo,
1370 1119 1426 1201 qui

326 1228 460 1313 cyrenis
482 1230 671 1313 appellatur.
694 1230 859 1295 Aristaeus
874 1229 988 1295 dicitur
1003 1224 1149 1294 omuibus
1164 1228 1267 1294 modis
1290 1228 1427 1295 artibus-

327 1359 390 1423 que
413 1337 527 1404 adfinis
549 1337 660 1418 fuisse,
683 1321 799 1421 quibus
819 1339 939 1410 artibus
954 1344 1078 1404 ceteros
1097 1337 1245 1403 homines
1266 1337 1310 1403 ad
1324 1337 1426 1403 bonas

325 1448 433 1533 finges
448 1448 679 1530 utilitatemque
693 1447 899 1532 perducebat.
921 1450 1012 1531 isque
1028 1469 1097 1514 cum
1113 1447 1279 1513 caniculae
1302 1447 1426 1532 signum

326 1555 511 1642 pestiferum
534 1557 668 1623 oriretur
690 1562 722 1624 et
744 1558 1057 1653 stutimpraesentes
1078 1558 1196 1622 fructus
1210 1557 1428 1623 lacerarentur

290 1667 611 1748 reintereidercutque
634 1667 778 1734 homines
805 1675 860 1732 aut
882 1668 1038 1734 diuturnis
1059 1667 1178 1732 morbis
1199 1671 1255 1731 aut
1276 1666 1428 1751 pestilen-

326 1779 385 1857 tia,
408 1796 460 1842 res
481 1776 607 1842 diuinas
629 1779 768 1845 maxime
789 1779 861 1845 Ioui
882 1778 1009 1862 parenti
1029 1779 1175 1859 Neptuno
1199 1774 1270 1840 aliis
1291 1780 1427 1860 tempes-

326 1887 446 1953 tatibus
468 1893 500 1953 et
519 1887 624 1954 uentis
647 1908 770 1953 summa
793 1887 959 1969 diligentia
981 1905 1117 1970 precans
1138 1884 1285 1962 faciebat,
1307 1903 1349 1949 ne
1370 1904 1428 1967 pa·

241 2084 243 2089 Α
327 2002 466 2063 iurentur
480 2017 583 2078 genus
598 1995 760 2061 hominum
775 1997 915 2081 indiguis
931 1994 1165 2061 calamitatibus
1180 1993 1285 2060 adfici.
1309 1992 1427 2059 fuctum

329 2112 386 2189 est,
410 2111 444 2169 ut
458 2105 499 2171 ab
518 2105 568 2170 his
589 2106 741 2189 inpetrari
762 2107 871 2190 possit.
896 2106 1004 2188 ltaque
1018 2103 1113 2169 uenia
1127 2103 1205 2167 data
1226 2103 1428 2171 constitutum

292 2220 378 2285 nest
405 2215 446 2280 ab
478 2215 720 2294 immortalibus,
753 2216 798 2280 uti
829 2221 902 2299 post
938 2214 1100 2279 caniculae
1127 2218 1253 2278 exortus
1282 2211 1425 2301 [stellae]

328 2324 414 2391 uenti
435 2323 604 2408 perflarent
625 2324 748 2391 circiter
771 2324 840 2390 dies
862 2348 896 2391 x1
918 2325 1049 2407 eiusque
1071 2322 1272 2407 pestilentiae
1286 2322 1351 2387 uim
1372 2324 1428 2389 ab·

327 2432 494 2501 sciderunt.
546 2442 738 2519 quapropter
767 2433 931 2499 Aristaeus
964 2433 1078 2498 dicitur
1109 2454 1130 2498 a
1163 2423 1227 2499 diis
1258 2432 1427 2517 splendido

327 2545 409 2613 loco.
422 2544 571 2626 dignatus
593 2564 674 2610 esse.
705 2543 890 2626 aquarius
916 2542 1014 2610 babet
1035 2544 1145 2608 stellas
1166 2543 1199 2607 in
1222 2544 1325 2628 capite
1348 2543 1429 2608 duas

328 2654 494 2738 obscuras,
523 2654 556 2717 in
582 2654 700 2721 umeris
728 2653 873 2751 singulas
899 2661 1050 2736 utrasque
1077 2652 1216 2737 amplas,
1245 2658 1279 2720 ab
1302 2652 1428 2720 sinistro

290 2762 433 2830 accubito
460 2783 556 2831 unam
574 2762 715 2842 clumam,
740 2768 774 2830 s'u
800 2763 912 2831 dextro
941 2763 1045 2828 cubito
1068 2785 1081 2824 1
1108 2762 1197 2826 etin
1224 2783 1320 2829 manu
1340 2786 1365 2846 1,
1395 2762 1447 2826 in,

327 2871 471 2937 mammis
491 2873 644 2956 singulas,
666 2876 701 2938 in
723 2873 835 2938 dextro
858 2892 949 2938 crure
970 2871 1020 2936 un
1042 2869 1176 2954 pedibus
1199 2873 1342 2959 singulas
1364 2871 1429 2937 cla-

329 3045 345 3099 1
365 3042 439 3113 quod
457 3047 504 3095 ΔΡ
523 3040 536 3115 Η
556 3045 625 3112 quot
642 3046 738 3109 uermes·
759 3039 772 3113 Η
797 3058 879 3113 pyrra
896 3049 919 3096 P
941 3042 1079 3114 litamine
1098 3049 1121 3095 P
1143 3042 1156 3114 Η
1180 3060 1287 3099 rursum
1305 3048 1327 3096 P
1345 3041 1359 3113 Η
1377 3044 1395 3098 2
1413 3048 1429 3095 s

329 3134 455 3185 senatum
468 3137 493 3184 Α
513 3130 527 3202 Η
547 3134 592 3183 est
609 3133 702 3183 uatum
720 3135 743 3181 P
760 3128 773 3200 Η
794 3146 876 3199 grece
895 3138 918 3183 P
936 3132 949 3200 Η
968 3132 1032 3185 luos
1045 3136 1072 3182 P
1084 3129 1099 3202 Η
1119 3133 1136 3186 3
1155 3132 1287 3186 aristeum
1299 3134 1321 3183 A
1341 3129 1355 3202 Η
1375 3130 1428 3184 ari-

329 3219 472 3272 sthenmP
486 3216 506 3285 ,Η
523 3217 542 3272 4
554 3217 639 3271 filiurn
658 3218 766 3288 aquarii
779 3220 918 3274 Bur-belec.
933 3217 946 3291 Η
966 3219 1112 3274 nobilitate
1125 3222 1170 3271 ΔΡ
1181 3222 1288 3273 correus
1308 3217 1321 3289 Η
1340 3219 1429 3289 beyr-
1459 3212 1468 3225 ⁸

328 3320 396 3359 rena
416 3310 436 3357 Δ
460 3302 474 3374 Η
486 3320 644 3375 cyrreanea
662 3311 684 3360 P
702 3304 715 3376 Η
735 3318 880 3375 procreare
899 3311 946 3360 ΔΡ
963 3305 978 3378 Η
998 3306 1164 3376 compressit
1181 3311 1204 3356 P
1222 3307 1235 3376 Η
1255 3308 1273 3362 6
1291 3306 1429 3369 erictheus

329 3395 351 3444 A
373 3389 386 3462 Η
405 3391 557 3445 Arintheus
576 3397 599 3443 P
617 3391 631 3463 Η
650 3390 797 3459 homnibus
816 3396 840 3443 P
857 3391 869 3462 Η
889 3395 905 3449 i
924 3395 1011 3448 ceteri
1023 3397 1068 3446 ΑΡ
1080 3413 1148 3447 corr.
1167 3395 1280 3447 Vrbicus
1299 3391 1313 3464 Η
1332 3395 1349 3449 9
1366 3409 1429 3464 per-

329 3495 486 3551 stiterumA
499 3494 513 3566 Η
525 3499 704 3565 presentes?
717 3496 730 3567 Η
745 3498 779 3552 10
791 3470 924 3562 diutinus
934 3502 958 3548 P
969 3495 982 3568 Η
996 3497 1118 3553 moribus
1129 3502 1177 3551 ΔΡ
1189 3495 1202 3570 Η
1217 3497 1320 3553 morbis
1333 3502 1430 3566 scripsi

330 3582 350 3654 Η
359 3585 407 3636 aut
418 3581 582 3658 pestilentia
594 3585 634 3636 bis
646 3588 669 3636 P
679 3593 748 3636 teste
761 3600 774 3636 ε
793 3581 807 3653 Η
827 3584 858 3638 11
872 3584 913 3637 rei
926 3582 1019 3637 diulus
1031 3586 1079 3636 ΑΡ
1089 3583 1104 3656 Η
1118 3601 1162 3639 res
1177 3584 1285 3639 diuinas
1298 3588 1394 3652 scripsi
1414 3582 1428 3658 Η

329 3669 401 3724 iouis
419 3672 562 3739 parentem
579 3675 626 3723 ΑΡ
644 3669 657 3741 Η
677 3671 739 3725 Ioui
756 3671 864 3743 parenti
881 3675 977 3739 scripsi
998 3670 1010 3742 Η
1036 3672 1069 3726 12
1087 3686 1223 3741 praecans
1241 3671 1392 3726 lacebatA
1414 3670 1428 3743 Η

329 3759 494 3828 parentur
516 3756 530 3827 Η
550 3758 585 3812 14
600 3759 635 3811 ab
653 3759 688 3813 iis
702 3763 725 3811 Α
739 3768 808 3812 teste
820 3762 918 3813 Kiessl.
939 3756 953 3829 Η
972 3757 1128 3830 inperariA
1146 3757 1163 3829 Η
1184 3761 1252 3827 quaed
1271 3760 1351 3811 uerba
1370 3759 1428 3813 ias·

328 3849 386 3898 tum
398 3864 430 3882 ό
441 3845 534 3913 possit
548 3850 579 3898 iu
597 3851 634 3914 fr.
648 3851 740 3915 Nipid.
755 3866 781 3914 p.
795 3855 827 3899 41
847 3850 1012 3913 cecideruut,
1031 3849 1085 3898 ium
1103 3849 1197 3897 dudum
1215 3850 1328 3898 citimum
1345 3863 1429 3899 mcum

329 3935 407 3985 erait
420 3930 435 4003 Η
448 3933 628 3987 constitutum
642 3937 671 3987 et
682 3933 717 3986 ab
727 3935 773 3984 ΔΡ
786 3932 799 4004 Η
813 3934 847 3989 15
859 3932 1049 3986 inmortalibus
1062 3936 1085 3984 P
1096 3930 1111 4002 Η
1122 3949 1142 4003 p
1156 3936 1203 3984 ΑΡ
1215 3930 1228 4003 Η
1242 3935 1309 4002 post
1319 3933 1427 3986 Bbcbel.

331 4017 344 4091 Η
363 4023 487 4074 exortum
506 4024 574 4074 idem
594 4019 608 4091 Η
628 4020 728 4075 stellas
748 4024 833 4072 select
847 4030 954 4072 auctore
967 4020 1107 4072 Bbclsler.
1128 4018 1143 4090 Η
1163 4019 1197 4074 17
1215 4020 1353 4074 aristheas
1373 4024 1395 4072 P
1411 4016 1426 4091 Η

330 4110 377 4165 alii
390 4114 435 4165 ΑΡ
447 4109 460 4181 Η
475 4109 558 4163 ediis
571 4112 668 4175 sumpsi
685 4108 701 4178 Η
722 4107 868 4179 splendide
881 4107 904 4160 dr
916 4106 978 4160 loeo
987 4108 1038 4165 ΑΡ
1055 4104 1068 4176 Η
1088 4100 1236 4178 splendido
1255 4107 1318 4162 loco
1331 4113 1428 4176 scripsi

331 4200 345 4270 Η
360 4196 524 4271 splendidae
537 4195 636 4250 stellae
649 4195 712 4255 loco
725 4197 864 4248 Bucbcler.
886 4193 900 4265 Η
919 4196 953 4249 19
965 4194 1082 4264 singulis
1095 4198 1117 4247 A
1139 4192 1152 4266 Η
1172 4196 1207 4251 20
1218 4211 1273 4249 unu
1286 4195 1395 4251 claraA
1412 4194 1426 4267 Η
1538 4194 1546 4204 ’

328 4288 358 4340 in
376 4288 417 4338 bic
429 4291 457 4338 iu
469 4288 543 4352 infru
557 4287 649 4337 addidi
668 4282 682 4355 Η
703 4286 731 4337 et
749 4302 798 4337 cm.
811 4287 833 4335 P
851 4280 864 4354 Η
883 4284 917 4339 21
929 4294 990 4352 post
1006 4299 1084 4338 crure
1096 4286 1347 4359 septemstellurum
1360 4303 1428 4337 ears·

331 4377 443 4430 merulis
463 4374 591 4426 saridim
609 4375 716 4427 uidetur
735 4370 748 4444 Η
