3252 5204
784 478 996 546 ..52-

331 649 488 728 intulisse,
511 654 546 713 ut
568 649 637 714 eius
660 647 790 731 nuptias
812 648 863 737 dei
885 647 919 711 in
940 646 1047 712 insula
1068 647 1132 711 Dia
1154 647 1370 734 celebrarent,
1394 669 1446 716 oo-

333 759 438 841 gitans
460 758 659 841 praeclaram
681 756 796 836 faeere,
819 778 884 841 qua
906 757 1041 841 primurn
1064 776 1151 823 noua
1171 764 1272 841 nupta
1294 759 1447 824 coronata

332 873 389 933 est.
435 859 532 950 quam
557 872 727 951 aoeeperat
749 869 789 932 ab
812 867 909 932 Horis
932 873 963 933 et
985 869 1120 933 Venere.
1166 865 1224 933 sed
1247 868 1302 950 qui
1322 867 1446 933 Oretioa

333 976 520 1059 oonsoripsit
547 976 646 1042 refert
676 997 746 1042 oum
768 977 865 1042 Liber
893 976 935 1040 ad
961 977 1097 1043 Minoem
1129 975 1284 1059 uenisset,
1314 982 1349 1041 ut
1374 997 1444 1044 eam
1497 1056 1502 1066 Ι

307 1105 463 1151 euxorem
483 1085 632 1165 duceret,
658 1105 808 1151 eoronam
832 1084 950 1169 donum
973 1087 1136 1152 Ariadnae
1159 1084 1288 1151 dedisse
1310 1085 1445 1153 Vulcani

332 1215 429 1279 opere
452 1196 628 1261 eonfeotam
652 1214 793 1267 exauro
817 1200 848 1259 et
862 1196 1007 1282 gemmis.
1042 1202 1075 1260 at
1090 1195 1204 1262 eodem
1219 1195 1304 1261 dono
1329 1196 1443 1279 dieitur
1475 1236 1491 1285 ⁴.

332 1305 459 1370 Thesea
482 1324 522 1369 ex
537 1304 721 1387 labyrintho
736 1287 901 1370 liberasse.
935 1306 992 1369 tali
1016 1304 1141 1389 fulgore
1164 1304 1233 1370 fuit.
1268 1325 1350 1397 quae
1372 1312 1444 1389 post

332 1414 427 1479 astris
449 1412 565 1493 adfixa,
591 1434 662 1478 eum
684 1413 717 1477 in
732 1414 824 1477 Naxo
840 1413 966 1498 utrique
988 1415 1161 1493 uenissent,
1184 1405 1309 1496 signum
1326 1414 1443 1481 amoris

333 1524 403 1590 eius
425 1530 457 1589 et
480 1522 575 1588 erinis
597 1523 676 1606 eius,
701 1521 754 1604 qui
776 1520 880 1604 fulget
902 1525 961 1588 sub
985 1524 1087 1589 oauda
1109 1524 1221 1589 leonis.
1250 1524 1347 1590 babet
1369 1525 1445 1590 stel-

293 1653 319 1693 10
331 1632 381 1698 las
404 1653 522 1698 corona
537 1654 608 1695 v1111
628 1632 663 1695 in·
685 1633 763 1697 orbe
786 1632 918 1715 positas,
942 1631 1075 1715 quarum
1091 1657 1127 1696 111
1143 1634 1250 1700 clarae
1266 1653 1348 1715 quae
1370 1618 1445 1698 oon·

296 1749 302 1760 ‘
324 1748 382 1805 'tra
403 1741 509 1826 capud
530 1732 650 1807 tleonis
672 1747 745 1806 sunt
767 1741 846 1819 eius,
866 1742 926 1827 uui
947 1748 995 1807 est
1016 1743 1098 1808 inter
1121 1743 1365 1829 septentriones.

320 1878 322 1882 ’
417 1855 499 1916 Tum
521 1850 599 1917 fessi
622 1850 741 1929 subter]
1120 1923 1124 1927 ¹

417 1961 478 2026 Hie
500 1968 549 2027 est
571 1961 625 2044 qui
648 1980 745 2043 supra
767 1951 966 2043 scorpionem
990 1966 1052 2026 stat
1073 1967 1210 2027 tenens
1231 1962 1356 2035 duabus
1376 1981 1443 2026 ma-

332 2073 426 2147 nibus
448 2090 621 2152 anguem.
658 2069 711 2152 qui
735 2089 806 2134 esse
828 2069 943 2134 dieitur
964 2071 1162 2155 Aesolapius,
1184 2078 1299 2153 rogatu
1322 2074 1443 2159 Apolli·

213 2199 215 2205 ’
295 2182 383 2269 mnis
409 2181 508 2264 patris
535 2182 576 2245 ab
607 2181 683 2248 Ioue
711 2178 805 2243 astris
833 2178 958 2243 inlatus.
1005 2180 1058 2260 qui
1087 2181 1128 2245 ab
1157 2201 1195 2247 eo
1222 2181 1352 2247 fulmine
1376 2190 1445 2250 erat

331 2288 538 2380 interfectus,
566 2288 653 2371 quod
681 2294 767 2354 esset
797 2287 983 2369 indignatus
1006 2278 1175 2373 luppiter.
1191 2311 1262 2356 eum
1292 2299 1362 2359 arte
1386 2314 1444 2359 sua
1507 2357 1510 2363 .

330 2419 440 2465 rursus
466 2405 539 2481 post
567 2399 686 2487 obitum
716 2397 874 2464 defunctis
902 2399 1025 2464 animas
1059 2399 1226 2465 restituere
1260 2400 1302 2466 ad
1334 2402 1443 2467 uitam.

332 2489 421 2601 errius
444 2506 537 2572 stella
567 2507 682 2573 olarior
711 2514 775 2585 est.
813 2508 909 2573 babet
931 2509 1041 2574 stellas
1061 2510 1132 2594 ipse
1154 2533 1222 2572 xvn
1250 2515 1281 2575 et
1308 2501 1443 2593 anguis

332 2640 426 2702 quem
446 2623 544 2691 ‘tenet
574 2617 683 2683 stellas
711 2639 823 2681 xxvur.
868 2616 966 2682 habet
993 2619 1102 2683 stellas
1132 2617 1164 2682 in
1191 2620 1295 2703 eapite
1323 2621 1446 2687 claram

294 2749 437 2794 rounam.
471 2728 504 2791 in
527 2727 663 2808 singulis
679 2727 799 2791 umeris
822 2727 934 2804 elatas,
958 2727 1000 2794 in¹
1015 2728 1149 2809 singulis
1170 2729 1307 2812 pedibus
1330 2732 1444 2810 claras,

331 2840 365 2902 in
388 2837 517 2902 sinistra
539 2856 642 2915 manu
657 2842 736 2910 tres,
766 2837 800 2900 in
824 2836 956 2902 dextera
979 2841 1140 2917 quattuor,
1171 2858 1210 2903 ex
1237 2838 1286 2916 bis
1308 2842 1389 2905 duas
1410 2841 1443 2903 in

332 2945 464 3037 dextera
488 2964 585 3008 manu
600 2944 715 3026 oleras,
738 2944 773 3008 in
796 2945 910 3011 oubitis
926 2945 1060 3029 singulis
1076 2947 1232 3028 singulas,
1254 2948 1287 3012 in
1311 2949 1444 3033 singulis

333 3145 348 3198 1
368 3142 403 3195 ad
423 3161 491 3193 corr.
506 3157 542 3192 ea·
560 3144 589 3193 at
606 3143 630 3191 A
652 3139 665 3211 Η
686 3140 725 3193 dii
744 3145 767 3192 P
784 3132 798 3210 Η
818 3142 835 3195 2
853 3142 1006 3212 preclaram
1025 3146 1047 3192 P
1065 3140 1078 3212 Η
1099 3141 1191 3216 nonani
1209 3147 1232 3194 P
1254 3143 1268 3213 Η
1292 3145 1310 3199 3
1329 3145 1439 3214 accipe·

331 3233 409 3284 rats
432 3226 446 3298 Η
466 3228 501 3280 ab
516 3227 607 3281 orius
629 3228 640 3297 Η
662 3222 794 3282 anons-r
811 3226 825 3297 Η
842 3231 901 3280 oar.
913 3232 1030 3291 xxxx,
1044 3236 1088 3279 u:
1104 3224 1282 3299 Ἐπιμενίδης
1295 3225 1308 3280 ὁ
1323 3228 1355 3281 ιὰ
1367 3234 1442 3297 Κρη-

331 3315 392 3369 τικὰ
406 3315 523 3383 ἱστορῶν
538 3313 550 3383 Η
567 3315 753 3386 4praelertA
770 3313 784 3385 Η
804 3314 893 3367 libera
906 3320 928 3365 P
940 3313 955 3386 Η
975 3316 1113 3368 minonem
1126 3319 1173 3367 ΔΡ
1185 3315 1198 3385 Η
1213 3317 1230 3370 5
1243 3316 1355 3383 ariadne
1370 3320 1414 3366 ΑΡ
1427 3313 1440 3386 Η

331 3400 478 3472 uulganiA
501 3402 514 3472 Η
535 3404 551 3457 6
570 3404 605 3456 ab
620 3404 718 3457 eodem
731 3402 766 3457 do
780 3406 828 3455 ΑΡ
847 3402 860 3473 Η
882 3406 911 3455 at
930 3402 1030 3456 eodem
1049 3402 1123 3456 dono
1141 3406 1238 3470 scripsi
1258 3401 1270 3472 Η
1292 3402 1451 3480 llabyrin3

331 3495 378 3543 too
398 3495 420 3542 P
444 3489 456 3559 Η
481 3491 537 3543 tale
557 3494 605 3543 ΑΡ
628 3490 643 3561 Η
668 3491 719 3544 tali
738 3509 751 3543 ε
776 3490 790 3561 Η
814 3492 832 3546 8
850 3491 953 3544 innexo
973 3494 995 3542 Δ
1022 3488 1036 3560 Η
1062 3505 1123 3543 oum
1142 3491 1170 3542 in
1187 3488 1270 3544 Naxo
1290 3520 1333 3545 m
1350 3493 1381 3542 ut
1400 3489 1441 3542 eis

332 3577 380 3646 qui
391 3577 530 3631 uidissent
549 3578 658 3647 signum
677 3577 779 3631 amoris
799 3581 878 3631 esset
896 3595 908 3630 ε
927 3587 957 3629 ιιι
976 3582 1011 3645 cf.
1026 3581 1116 3629 Herm.
1131 3581 1211 3628 1454
1224 3573 1244 3647 Ἠ
1264 3577 1371 3630 sianum
1385 3581 1405 3627 Α
1427 3575 1441 3645 Η

331 3665 348 3718 9
367 3663 427 3716 eins
440 3681 509 3717 corr.
523 3683 558 3717 ea
574 3667 607 3718 «ἴε
621 3670 644 3717 P
662 3663 674 3734 Η
696 3664 799 3716 orimen
817 3662 850 3715 δὸ
866 3666 912 3715 ΔΡ
930 3662 943 3733 Η
965 3663 1049 3716 erinis
1063 3664 1123 3716 eius
1136 3667 1233 3731 scripsi
1253 3663 1266 3734 Η
1286 3665 1321 3719 10
1332 3663 1451 3734 positus

332 3754 354 3801 P
373 3748 385 3818 Η
407 3749 516 3820 clare?
534 3750 547 3819 Η
569 3752 602 3806 11
622 3752 742 3820 eaput?
760 3746 774 3818 Η
795 3746 924 3802 draconis
944 3753 1079 3816 legendum
1094 3768 1152 3802 esse
1170 3755 1278 3803 uidetur
1296 3769 1331 3802 ear
1346 3751 1408 3803 Cot.
1423 3753 1445 3800 V

332 3839 359 3888 ol
378 3836 446 3889 κατὰ
465 3835 514 3904 τὴν
532 3836 655 3905 κεφαλὴν
674 3838 722 3888 τοῦ
735 3832 845 3904 ’Όφεως
863 3837 911 3886 τοῦ
930 3834 976 3887 διὰ
995 3838 1049 3889 τῶν
1061 3829 1182 3904 ’Ἄρκτων
1207 3841 1240 3904 of.
1261 3839 1356 3889 Plator.
1375 3838 1444 3888 xm

223 3992 225 3996 Υ
331 3933 383 3976 000
396 3927 456 3976 ada.
478 3923 491 3993 Η
512 3925 539 3977 ei
559 3929 580 3976 P
599 3924 614 3995 Η
633 3924 663 3976 in
681 3927 729 3974 ΑΡ
746 3920 759 3991 Η
780 3922 853 3992 inter
871 3924 969 3987 scripsi
990 3922 1003 3990 Η
1024 3923 1217 3992 septentrione
1236 3927 1258 3975 P
1276 3923 1290 3994 Η
1310 3926 1345 3979 12
1362 3941 1454 3991 prae·

332 4015 428 4065 cedunt
443 4015 530 4065 Germ.
542 4030 568 4063 a.
580 4018 684 4062 70-89
702 4007 717 4078 Η
738 4009 772 4062 13
787 4010 995 4075 Oot.V1H119ia
1016 4014 1044 4064 P.
1060 4016 1091 4061 A.
1106 4008 1138 4061 11
1148 4018 1181 4062 14
1192 4015 1238 4062 111
1248 4019 1280 4062 13
1301 4008 1313 4080 Η
1333 4011 1378 4064 hic
1391 4015 1408 4063 i.
1420 4027 1442 4064 e.

330 4103 517 4165 serpentarius
537 4096 550 4165 Η
571 4098 606 4151 14
618 4095 759 4165 asclepius
772 4098 795 4144 P
813 4092 833 4162 Η
849 4094 882 4148 15
895 4094 1008 4147 inlatum
1022 4099 1068 4147 ΑΡ
1079 4113 1170 4148 com
1185 4093 1199 4167 Η
1213 4098 1248 4152 18
1261 4100 1290 4149 et
1302 4098 1330 4149 in
1344 4096 1442 4166 anguis

330 4190 352 4237 A
374 4183 388 4254 Η
408 4202 480 4236 xxm
494 4188 541 4235 ΔΡ
552 4186 659 4235 corrasi
672 4199 707 4233 ea·
719 4197 827 4231 sermore
841 4183 917 4246 infra
930 4187 1018 4247 posito
1041 4180 1053 4251 Η
1073 4182 1109 4236 20
1120 4182 1247 4251 singulas
1260 4183 1380 4253 pedibus
1393 4188 1415 4235 A
1428 4181 1442 4253 Η
1518 4192 1521 4197 ’

329 4272 364 4326 21
377 4272 402 4324 is
417 4276 437 4321 Α
459 4268 473 4342 Η
494 4272 528 4325 22
541 4267 658 4336 singulis
672 4266 775 4320 enbitis
787 4270 810 4317 P
828 4264 842 4336 Ιι
863 4266 892 4319 in
911 4268 1028 4337 singulis
1048 4267 1166 4337 genibus
1187 4270 1311 4339 singulas
1329 4288 1379 4323 om.
1394 4270 1441 4338 ΡΗ
