<?xml version="1.0" encoding="UTF-8"?>
<!DOCTYPE html PUBLIC "-//W3C//DTD XHTML 1.0 Transitional//EN"
    "http://www.w3.org/TR/xhtml1/DTD/xhtml1-transitional.dtd">
<html xmlns="http://www.w3.org/1999/xhtml" xml:lang="en" lang="en">
 <head>
  <title>
</title>
<meta http-equiv="Content-Type" content="text/html;charset=utf-8" />
  <meta name='ocr-system' content='tesseract 3.04.00' />
  <meta name='ocr-capabilities' content='ocr_page ocr_carea ocr_par ocr_line ocrx_word'/>
</head>
<body>
  <div class='ocr_page' id='page_1' title='image "./germanicicaesar01breygoog_0022.png"; bbox 0 0 3252 5204; ppageno 0'>
   <div class='ocr_carea' id='block_1_1' title="bbox 219 685 1278 771">
    <p class='ocr_par' dir='ltr' id='par_1_1' title="bbox 219 685 1278 771">
     <span class='ocr_line' id='line_1_1' title="bbox 219 685 1278 771; baseline -0.004 -2"><span class='ocrx_word' id='word_1_1' title='bbox 219 690 364 771; x_wconf 59' lang='lat' dir='ltr'>Irae?</span> <span class='ocrx_word' id='word_1_2' title='bbox 388 691 500 771; x_wconf 65' lang='lat' dir='ltr'><strong><em>VE&#39;RS</em></strong></span> <span class='ocrx_word' id='word_1_3' title='bbox 520 703 587 767; x_wconf 82' lang='lat' dir='ltr'>DE</span> <span class='ocrx_word' id='word_1_4' title='bbox 605 691 643 768; x_wconf 72' lang='lat' dir='ltr'><strong><em>N</em></strong></span> <span class='ocrx_word' id='word_1_5' title='bbox 659 688 809 768; x_wconf 64' lang='lat' dir='ltr'>orani</span> <span class='ocrx_word' id='word_1_6' title='bbox 824 685 1087 765; x_wconf 64' lang='lat' dir='ltr'>sldornoer&#39;s</span> <span class='ocrx_word' id='word_1_7' title='bbox 1103 685 1278 765; x_wconf 70' lang='lat' dir='ltr'><strong><em>MENSIV</em></strong></span> 
     </span>
    </p>
   </div>
   <div class='ocr_carea' id='block_1_2' title="bbox 176 806 1363 1976">
    <p class='ocr_par' dir='ltr' id='par_1_2' title="bbox 218 806 1030 910">
     <span class='ocr_line' id='line_1_2' title="bbox 218 806 1030 910; baseline -0.01 -22"><span class='ocrx_word' id='word_1_8' title='bbox 218 825 303 888; x_wconf 80' lang='lat' dir='ltr'>Dira</span> <span class='ocrx_word' id='word_1_9' title='bbox 321 806 409 910; x_wconf 82' lang='lat' dir='ltr'>patet</span> <span class='ocrx_word' id='word_1_10' title='bbox 432 824 504 888; x_wconf 76' lang='lat' dir='ltr'>iani</span> <span class='ocrx_word' id='word_1_11' title='bbox 521 824 660 887; x_wconf 78' lang='lat' dir='ltr'>romaeis</span> <span class='ocrx_word' id='word_1_12' title='bbox 683 825 782 902; x_wconf 71' lang='lat' dir='ltr'>idaea</span> <span class='ocrx_word' id='word_1_13' title='bbox 804 822 892 885; x_wconf 71' lang='lat' dir='ltr'>bellis</span> <span class='ocrx_word' id='word_1_14' title='bbox 915 823 1030 882; x_wconf 85' lang='lat' dir='ltr'>oetora.</span> 
     </span>
    </p>

    <p class='ocr_par' dir='ltr' id='par_1_3' title="bbox 176 938 1173 1143">
     <span class='ocr_line' id='line_1_3' title="bbox 176 938 1173 1025; baseline -0.006 -18"><span class='ocrx_word' id='word_1_15' title='bbox 176 941 231 1007; x_wconf 88' lang='lat' dir='ltr'>fol.</span> <span class='ocrx_word' id='word_1_16' title='bbox 249 949 289 1011; x_wconf 84' lang='lat'>36</span> <span class='ocrx_word' id='word_1_17' title='bbox 312 962 365 1006; x_wconf 82' lang='lat' dir='ltr'>au.</span> <span class='ocrx_word' id='word_1_18' title='bbox 392 943 592 1006; x_wconf 79' lang='lat' dir='ltr'>Tetrastieoa.</span> <span class='ocrx_word' id='word_1_19' title='bbox 615 943 771 1005; x_wconf 65' lang='lat' dir='ltr'>autenticit</span> <span class='ocrx_word' id='word_1_20' title='bbox 794 939 831 1003; x_wconf 83' lang='lat' dir='ltr'>de</span> <span class='ocrx_word' id='word_1_21' title='bbox 852 939 987 1025; x_wconf 68' lang='lat' dir='ltr'>simpatia</span> <span class='ocrx_word' id='word_1_22' title='bbox 1008 938 1173 1002; x_wconf 69' lang='lat' dir='ltr'>mensibus.</span> 
     </span>
     <span class='ocr_line' id='line_1_4' title="bbox 304 1059 1047 1143; baseline -0.001 -21"><span class='ocrx_word' id='word_1_23' title='bbox 304 1061 368 1125; x_wconf 77' lang='lat' dir='ltr'>Hie</span> <span class='ocrx_word' id='word_1_24' title='bbox 390 1062 462 1124; x_wconf 75' lang='lat' dir='ltr'>isai</span> <span class='ocrx_word' id='word_1_25' title='bbox 480 1061 594 1125; x_wconf 79' lang='lat' dir='ltr'>mansis</span> <span class='ocrx_word' id='word_1_26' title='bbox 617 1084 705 1123; x_wconf 83' lang='lat' dir='ltr'>sacer</span> <span class='ocrx_word' id='word_1_27' title='bbox 729 1071 773 1123; x_wconf 80' lang='lat' dir='ltr'>est</span> <span class='ocrx_word' id='word_1_28' title='bbox 795 1082 831 1122; x_wconf 81' lang='lat' dir='ltr'>ea</span> <span class='ocrx_word' id='word_1_29' title='bbox 853 1059 958 1143; x_wconf 76' lang='lat' dir='ltr'>aspice</span> <span class='ocrx_word' id='word_1_30' title='bbox 980 1059 1047 1121; x_wconf 80' lang='lat' dir='ltr'>ara&#39;s</span> 
     </span>
    </p>

    <p class='ocr_par' dir='ltr' id='par_1_4' title="bbox 179 1176 1363 1976">
     <span class='ocr_line' id='line_1_5' title="bbox 181 1176 1277 1268; baseline 0 -28"><span class='ocrx_word' id='word_1_31' title='bbox 181 1176 285 1241; x_wconf 87' lang='lat' dir='ltr'>finitur</span> <span class='ocrx_word' id='word_1_32' title='bbox 307 1176 357 1241; x_wconf 85' lang='lat' dir='ltr'>ita</span> <span class='ocrx_word' id='word_1_33' title='bbox 373 1179 438 1257; x_wconf 67' lang='lat' dir='ltr'>Qua</span> <span class='ocrx_word' id='word_1_34' title='bbox 459 1179 560 1243; x_wconf 75' lang='lat' dir='ltr'>medio</span> <span class='ocrx_word' id='word_1_35' title='bbox 583 1179 693 1242; x_wconf 82' lang='lat' dir='ltr'>eaaert‘</span> <span class='ocrx_word' id='word_1_36' title='bbox 717 1177 830 1263; x_wconf 74' lang='lat' dir='ltr'>sydera</span> <span class='ocrx_word' id='word_1_37' title='bbox 854 1176 916 1268; x_wconf 63' lang='grc' dir='ltr'>Ζῷα</span> <span class='ocrx_word' id='word_1_38' title='bbox 939 1176 1028 1240; x_wconf 75' lang='lat' dir='ltr'>siret.</span> <span class='ocrx_word' id='word_1_39' title='bbox 1066 1194 1105 1238; x_wconf 85' lang='lat' dir='ltr'>ea</span> <span class='ocrx_word' id='word_1_40' title='bbox 1127 1194 1209 1257; x_wconf 87' lang='lat' dir='ltr'>quae</span> <span class='ocrx_word' id='word_1_41' title='bbox 1230 1179 1277 1240; x_wconf 81' lang='lat' dir='ltr'>io·</span> 
     </span>
     <span class='ocr_line' id='line_1_6' title="bbox 180 1294 1280 1375; baseline -0.002 -14"><span class='ocrx_word' id='word_1_42' title='bbox 180 1297 351 1362; x_wconf 87' lang='lat' dir='ltr'>trastiehon</span> <span class='ocrx_word' id='word_1_43' title='bbox 378 1297 419 1361; x_wconf 88' lang='lat' dir='ltr'>de</span> <span class='ocrx_word' id='word_1_44' title='bbox 445 1297 525 1362; x_wconf 88' lang='lat' dir='ltr'>Iulio</span> <span class='ocrx_word' id='word_1_45' title='bbox 555 1316 665 1362; x_wconf 88' lang='lat' dir='ltr'>mense</span> <span class='ocrx_word' id='word_1_46' title='bbox 693 1299 867 1375; x_wconf 87' lang='lat' dir='ltr'>sequantur</span> <span class='ocrx_word' id='word_1_47' title='bbox 896 1313 916 1357; x_wconf 88' lang='lat' dir='ltr'>a</span> <span class='ocrx_word' id='word_1_48' title='bbox 941 1314 1037 1357; x_wconf 89' lang='lat' dir='ltr'>manu</span> <span class='ocrx_word' id='word_1_49' title='bbox 1063 1294 1280 1359; x_wconf 82' lang='lat' dir='ltr'>recentissima</span> 
     </span>
     <span class='ocr_line' id='line_1_7' title="bbox 179 1411 1277 1501; baseline 0 -22"><span class='ocrx_word' id='word_1_50' title='bbox 179 1414 288 1480; x_wconf 88' lang='lat' dir='ltr'>addita</span> <span class='ocrx_word' id='word_1_51' title='bbox 309 1433 380 1480; x_wconf 89' lang='lat' dir='ltr'>esse</span> <span class='ocrx_word' id='word_1_52' title='bbox 403 1421 537 1480; x_wconf 88' lang='lat' dir='ltr'>testatur</span> <span class='ocrx_word' id='word_1_53' title='bbox 551 1414 777 1501; x_wconf 81' lang='lat' dir='ltr'>Eyssenhardt.</span> <span class='ocrx_word' id='word_1_54' title='bbox 801 1435 833 1498; x_wconf 84' lang='lat' dir='ltr'>p.</span> <span class='ocrx_word' id='word_1_55' title='bbox 849 1437 922 1477; x_wconf 80' lang='lat' dir='ltr'>rxrr.</span> <span class='ocrx_word' id='word_1_56' title='bbox 960 1411 1085 1477; x_wconf 79' lang='lat' dir='ltr'>Arateis</span> <span class='ocrx_word' id='word_1_57' title='bbox 1100 1412 1184 1478; x_wconf 93' lang='lat' dir='ltr'>idem</span> <span class='ocrx_word' id='word_1_58' title='bbox 1199 1412 1277 1479; x_wconf 88' lang='lat' dir='ltr'>erdo</span> 
     </span>
     <span class='ocr_line' id='line_1_8' title="bbox 179 1525 1363 1623; baseline -0.003 -24"><span class='ocrx_word' id='word_1_59' title='bbox 179 1554 330 1623; x_wconf 79' lang='lat' dir='ltr'>uersuum</span> <span class='ocrx_word' id='word_1_60' title='bbox 350 1540 398 1600; x_wconf 90' lang='lat' dir='ltr'>est</span> <span class='ocrx_word' id='word_1_61' title='bbox 412 1539 509 1616; x_wconf 91' lang='lat' dir='ltr'>atque</span> <span class='ocrx_word' id='word_1_62' title='bbox 526 1535 559 1599; x_wconf 91' lang='lat' dir='ltr'>in</span> <span class='ocrx_word' id='word_1_63' title='bbox 573 1534 761 1618; x_wconf 83' lang='lat' dir='ltr'>Basileensi,</span> <span class='ocrx_word' id='word_1_64' title='bbox 783 1533 868 1600; x_wconf 90' lang='lat' dir='ltr'>idem</span> <span class='ocrx_word' id='word_1_65' title='bbox 890 1553 1002 1599; x_wconf 90' lang='lat' dir='ltr'>uersus</span> <span class='ocrx_word' id='word_1_66' title='bbox 1025 1533 1134 1598; x_wconf 89' lang='lat' dir='ltr'>omissi</span> <span class='ocrx_word' id='word_1_67' title='bbox 1154 1538 1279 1616; x_wconf 90' lang='lat' dir='ltr'>praeter</span> <span class='ocrx_word' id='word_1_68' title='bbox 1358 1525 1363 1533; x_wconf 84' lang='grc'><strong>’</strong></span> 
     </span>
     <span class='ocr_line' id='line_1_9' title="bbox 180 1653 1280 1738; baseline 0 -19"><span class='ocrx_word' id='word_1_69' title='bbox 180 1676 211 1719; x_wconf 86' lang='lat' dir='ltr'>u.</span> <span class='ocrx_word' id='word_1_70' title='bbox 226 1660 298 1724; x_wconf 83' lang='grc'>402.</span> <span class='ocrx_word' id='word_1_71' title='bbox 331 1653 508 1720; x_wconf 89' lang='lat' dir='ltr'>Parisinum</span> <span class='ocrx_word' id='word_1_72' title='bbox 532 1654 660 1736; x_wconf 90' lang='lat' dir='ltr'>quidem</span> <span class='ocrx_word' id='word_1_73' title='bbox 683 1653 774 1738; x_wconf 83' lang='lat' dir='ltr'>olim,</span> <span class='ocrx_word' id='word_1_74' title='bbox 803 1674 873 1719; x_wconf 85' lang='lat' dir='ltr'>oum</span> <span class='ocrx_word' id='word_1_75' title='bbox 897 1653 1018 1719; x_wconf 78' lang='lat' dir='ltr'>scholia</span> <span class='ocrx_word' id='word_1_76' title='bbox 1039 1653 1110 1719; x_wconf 88' lang='lat' dir='ltr'>sela</span> <span class='ocrx_word' id='word_1_77' title='bbox 1131 1653 1280 1738; x_wconf 84' lang='lat' dir='ltr'>respicie-</span> 
     </span>
     <span class='ocr_line' id='line_1_10' title="bbox 180 1773 1280 1869; baseline -0.002 -31"><span class='ocrx_word' id='word_1_78' title='bbox 180 1775 262 1853; x_wconf 86' lang='lat' dir='ltr'>bam,</span> <span class='ocrx_word' id='word_1_79' title='bbox 285 1773 481 1858; x_wconf 87' lang='lat' dir='ltr'>superiorem</span> <span class='ocrx_word' id='word_1_80' title='bbox 503 1775 655 1869; x_wconf 87' lang='lat' dir='ltr'>putabam</span> <span class='ocrx_word' id='word_1_81' title='bbox 671 1774 861 1853; x_wconf 81' lang='lat' dir='ltr'>Basileensi,</span> <span class='ocrx_word' id='word_1_82' title='bbox 884 1794 969 1839; x_wconf 84' lang='lat' dir='ltr'>nune</span> <span class='ocrx_word' id='word_1_83' title='bbox 991 1778 1095 1839; x_wconf 87' lang='lat' dir='ltr'>autern</span> <span class='ocrx_word' id='word_1_84' title='bbox 1118 1774 1212 1839; x_wconf 87' lang='lat' dir='ltr'>aliter</span> <span class='ocrx_word' id='word_1_85' title='bbox 1232 1773 1280 1837; x_wconf 92' lang='lat' dir='ltr'>iu-</span> 
     </span>
     <span class='ocr_line' id='line_1_11' title="bbox 182 1891 862 1976; baseline -0.001 -18"><span class='ocrx_word' id='word_1_86' title='bbox 182 1893 264 1972; x_wconf 88' lang='lat' dir='ltr'>dieo,</span> <span class='ocrx_word' id='word_1_87' title='bbox 286 1893 376 1958; x_wconf 91' lang='lat' dir='ltr'>illum</span> <span class='ocrx_word' id='word_1_88' title='bbox 397 1891 471 1958; x_wconf 87' lang='lat' dir='ltr'>huie</span> <span class='ocrx_word' id='word_1_89' title='bbox 492 1893 745 1976; x_wconf 89' lang='lat' dir='ltr'>posthabendum</span> <span class='ocrx_word' id='word_1_90' title='bbox 766 1899 862 1960; x_wconf 89' lang='lat' dir='ltr'>ratus.</span> 
     </span>
    </p>
   </div>
   <div class='ocr_carea' id='block_1_3' title="bbox 181 2010 1327 2575">
    <p class='ocr_par' dir='ltr' id='par_1_5' title="bbox 181 2010 1327 2575">
     <span class='ocr_line' id='line_1_12' title="bbox 265 2010 1280 2100; baseline -0.002 -21"><span class='ocrx_word' id='word_1_91' title='bbox 265 2016 415 2079; x_wconf 76' lang='lat' dir='ltr'>Parisiar&#39;</span> <span class='ocrx_word' id='word_1_92' title='bbox 428 2015 631 2100; x_wconf 72' lang='lat' dir='ltr'>apoprrrpboa</span> <span class='ocrx_word' id='word_1_93' title='bbox 645 2014 855 2078; x_wconf 75' lang='lat' dir='ltr'>Heinsiaaom</span> <span class='ocrx_word' id='word_1_94' title='bbox 877 2016 1023 2078; x_wconf 81' lang='lat' dir='ltr'>seruatur</span> <span class='ocrx_word' id='word_1_95' title='bbox 1041 2013 1074 2077; x_wconf 87' lang='lat' dir='ltr'>in</span> <span class='ocrx_word' id='word_1_96' title='bbox 1089 2010 1280 2078; x_wconf 74' lang='lat' dir='ltr'>bibliotheca</span> 
     </span>
     <span class='ocr_line' id='line_1_13' title="bbox 184 2129 1007 2219; baseline -0.001 -23"><span class='ocrx_word' id='word_1_97' title='bbox 184 2132 273 2217; x_wconf 77' lang='lat' dir='ltr'>regia</span> <span class='ocrx_word' id='word_1_98' title='bbox 293 2130 491 2197; x_wconf 87' lang='lat' dir='ltr'>Berolinensi</span> <span class='ocrx_word' id='word_1_99' title='bbox 515 2129 583 2217; x_wconf 89' lang='lat' dir='ltr'>[Ms.</span> <span class='ocrx_word' id='word_1_100' title='bbox 600 2130 687 2196; x_wconf 89' lang='lat' dir='ltr'>Diez.</span> <span class='ocrx_word' id='word_1_101' title='bbox 702 2131 738 2194; x_wconf 91' lang='lat' dir='ltr'>B.</span> <span class='ocrx_word' id='word_1_102' title='bbox 755 2130 843 2197; x_wconf 79' lang='lat' dir='ltr'>Sant.</span> <span class='ocrx_word' id='word_1_103' title='bbox 860 2137 902 2201; x_wconf 84' lang='lat'>94</span> <span class='ocrx_word' id='word_1_104' title='bbox 915 2133 948 2196; x_wconf 92' lang='lat' dir='ltr'>in</span> <span class='ocrx_word' id='word_1_105' title='bbox 962 2131 1007 2219; x_wconf 85' lang='grc'>4].</span> 
     </span>
     <span class='ocr_line' id='line_1_14' title="bbox 204 2251 1327 2341; baseline -0.006 -21"><span class='ocrx_word' id='word_1_106' title='bbox 204 2335 207 2341; x_wconf 88' lang='lat'>.</span> <span class='ocrx_word' id='word_1_107' title='bbox 266 2258 296 2320; x_wconf 85' lang='lat'>3.</span> <span class='ocrx_word' id='word_1_108' title='bbox 329 2252 426 2317; x_wconf 76' lang='lat' dir='ltr'>codsa</span> <span class='ocrx_word' id='word_1_109' title='bbox 448 2252 657 2333; x_wconf 72' lang='lat' dir='ltr'><em>Matritensis,</em></span> <span class='ocrx_word' id='word_1_110' title='bbox 682 2252 956 2336; x_wconf 80' lang='lat' dir='ltr'>membranaceus,</span> <span class='ocrx_word' id='word_1_111' title='bbox 980 2251 1098 2318; x_wconf 86' lang='lat' dir='ltr'>saeeuli</span> <span class='ocrx_word' id='word_1_112' title='bbox 1118 2252 1190 2329; x_wconf 79' lang='lat' dir='ltr'>XII,</span> <span class='ocrx_word' id='word_1_113' title='bbox 1213 2252 1275 2335; x_wconf 85' lang='lat' dir='ltr'>sig·</span> <span class='ocrx_word' id='word_1_114' title='bbox 1296 2274 1327 2313; x_wconf 84' lang='lat' dir='ltr'>m</span> 
     </span>
     <span class='ocr_line' id='line_1_15' title="bbox 181 2370 1279 2455; baseline -0.002 -19"><span class='ocrx_word' id='word_1_115' title='bbox 181 2377 274 2436; x_wconf 87' lang='lat' dir='ltr'>natus</span> <span class='ocrx_word' id='word_1_116' title='bbox 296 2371 333 2435; x_wconf 86' lang='lat' dir='ltr'>A.</span> <span class='ocrx_word' id='word_1_117' title='bbox 356 2375 397 2437; x_wconf 93' lang='grc'>22</span> <span class='ocrx_word' id='word_1_118' title='bbox 427 2390 467 2434; x_wconf 84' lang='lat' dir='ltr'>ex</span> <span class='ocrx_word' id='word_1_119' title='bbox 487 2370 616 2436; x_wconf 85' lang='lat' dir='ltr'>Ioannis</span> <span class='ocrx_word' id='word_1_120' title='bbox 637 2370 749 2435; x_wconf 90' lang='lat' dir='ltr'>Iriarte</span> <span class='ocrx_word' id='word_1_121' title='bbox 771 2373 918 2454; x_wconf 75' lang='lat' dir='ltr'>catalogo</span> <span class='ocrx_word' id='word_1_122' title='bbox 940 2373 1015 2436; x_wconf 90' lang='lat' dir='ltr'>Mss.</span> <span class='ocrx_word' id='word_1_123' title='bbox 1037 2391 1082 2453; x_wconf 79' lang='lat' dir='ltr'>gr.</span> <span class='ocrx_word' id='word_1_124' title='bbox 1105 2392 1136 2455; x_wconf 92' lang='lat' dir='ltr'>p.</span> <span class='ocrx_word' id='word_1_125' title='bbox 1153 2376 1214 2440; x_wconf 87' lang='grc'>203</span> <span class='ocrx_word' id='word_1_126' title='bbox 1236 2371 1279 2435; x_wconf 91' lang='lat' dir='ltr'>ab</span> 
     </span>
     <span class='ocr_line' id='line_1_16' title="bbox 183 2465 1279 2575; baseline -0.001 -19"><span class='ocrx_word' id='word_1_127' title='bbox 183 2465 302 2556; x_wconf 83' lang='lat' dir='ltr'>orellio</span> <span class='ocrx_word' id='word_1_128' title='bbox 325 2489 464 2555; x_wconf 82' lang='lat' dir='ltr'>Phaedri</span> <span class='ocrx_word' id='word_1_129' title='bbox 490 2490 553 2556; x_wconf 84' lang='lat' dir='ltr'>fab.</span> <span class='ocrx_word' id='word_1_130' title='bbox 575 2512 649 2556; x_wconf 88' lang='lat' dir='ltr'>nou.</span> <span class='ocrx_word' id='word_1_131' title='bbox 672 2512 702 2575; x_wconf 90' lang='lat' dir='ltr'>p.</span> <span class='ocrx_word' id='word_1_132' title='bbox 719 2496 759 2560; x_wconf 76' lang='lat'>57</span> <span class='ocrx_word' id='word_1_133' title='bbox 783 2491 824 2554; x_wconf 92' lang='lat' dir='ltr'>ad</span> <span class='ocrx_word' id='word_1_134' title='bbox 850 2490 1059 2571; x_wconf 80' lang='lat' dir='ltr'><strong>fragmentum</strong></span> <span class='ocrx_word' id='word_1_135' title='bbox 1082 2489 1128 2553; x_wconf 90' lang='lat' dir='ltr'>III</span> <span class='ocrx_word' id='word_1_136' title='bbox 1149 2490 1279 2555; x_wconf 82' lang='lat' dir='ltr'>Arateo-</span> 
     </span>
    </p>
   </div>
   <div class='ocr_carea' id='block_1_4' title="bbox 122 2605 1337 4345">
    <p class='ocr_par' dir='ltr' id='par_1_6' title="bbox 122 2605 1337 4345">
     <span class='ocr_line' id='line_1_17' title="bbox 184 2605 1279 2692; baseline -0.004 -18"><span class='ocrx_word' id='word_1_137' title='bbox 184 2629 253 2674; x_wconf 89' lang='lat' dir='ltr'>rum</span> <span class='ocrx_word' id='word_1_138' title='bbox 275 2609 426 2676; x_wconf 79' lang='lat' dir='ltr'>comatus.</span> <span class='ocrx_word' id='word_1_139' title='bbox 468 2610 522 2692; x_wconf 91' lang='lat' dir='ltr'>qui</span> <span class='ocrx_word' id='word_1_140' title='bbox 549 2629 619 2673; x_wconf 87' lang='lat' dir='ltr'>oum</span> <span class='ocrx_word' id='word_1_141' title='bbox 647 2630 686 2674; x_wconf 85' lang='lat' dir='ltr'>ex</span> <span class='ocrx_word' id='word_1_142' title='bbox 713 2607 884 2691; x_wconf 83' lang='lat' dir='ltr'>archetypo</span> <span class='ocrx_word' id='word_1_143' title='bbox 911 2605 983 2669; x_wconf 88' lang='lat' dir='ltr'>huie</span> <span class='ocrx_word' id='word_1_144' title='bbox 1002 2607 1102 2689; x_wconf 13' lang='lat' dir='ltr'>*classi</span> <span class='ocrx_word' id='word_1_145' title='bbox 1128 2607 1279 2671; x_wconf 90' lang='lat' dir='ltr'>librorum</span> 
     </span>
     <span class='ocr_line' id='line_1_18' title="bbox 185 2723 1178 2812; baseline -0.002 -22"><span class='ocrx_word' id='word_1_146' title='bbox 185 2727 343 2792; x_wconf 89' lang='lat' dir='ltr'>simillimo</span> <span class='ocrx_word' id='word_1_147' title='bbox 366 2727 527 2812; x_wconf 80' lang='lat' dir='ltr'>profectus</span> <span class='ocrx_word' id='word_1_148' title='bbox 550 2746 620 2791; x_wconf 90' lang='lat' dir='ltr'>esse</span> <span class='ocrx_word' id='word_1_149' title='bbox 641 2726 796 2805; x_wconf 89' lang='lat' dir='ltr'>uideatur,</span> <span class='ocrx_word' id='word_1_150' title='bbox 818 2727 879 2790; x_wconf 87' lang='lat' dir='ltr'>hee</span> <span class='ocrx_word' id='word_1_151' title='bbox 899 2723 970 2789; x_wconf 88' lang='lat' dir='ltr'>loeo</span> <span class='ocrx_word' id='word_1_152' title='bbox 992 2725 1178 2789; x_wconf 88' lang='lat' dir='ltr'>nominatur.</span> 
     </span>
     <span class='ocr_line' id='line_1_19' title="bbox 132 2843 744 2917; baseline -0.002 -9"><span class='ocrx_word' id='word_1_153' title='bbox 132 2912 135 2917; x_wconf 56' lang='grc'><strong><em>,</em></strong></span> <span class='ocrx_word' id='word_1_154' title='bbox 271 2843 409 2908; x_wconf 80' lang='lat' dir='ltr'><strong>Secundi</strong></span> <span class='ocrx_word' id='word_1_155' title='bbox 434 2843 555 2908; x_wconf 86' lang='lat' dir='ltr'>ordinis</span> <span class='ocrx_word' id='word_1_156' title='bbox 577 2843 649 2909; x_wconf 88' lang='lat' dir='ltr'>libri</span> <span class='ocrx_word' id='word_1_157' title='bbox 671 2849 744 2910; x_wconf 87' lang='lat' dir='ltr'>sunt</span> 
     </span>
     <span class='ocr_line' id='line_1_20' title="bbox 269 2961 1329 3048; baseline 0.002 -19"><span class='ocrx_word' id='word_1_158' title='bbox 269 2967 300 3029; x_wconf 85' lang='lat'>4.</span> <span class='ocrx_word' id='word_1_159' title='bbox 334 2961 430 3029; x_wconf 76' lang='lat' dir='ltr'>cedaar</span> <span class='ocrx_word' id='word_1_160' title='bbox 445 2964 617 3028; x_wconf 80' lang='lat' dir='ltr'>Barasasr&#39;s</span> <span class='ocrx_word' id='word_1_161' title='bbox 639 2989 668 3027; x_wconf 83' lang='lat' dir='ltr'>a.</span> <span class='ocrx_word' id='word_1_162' title='bbox 685 2966 741 3043; x_wconf 84' lang='grc'>88,</span> <span class='ocrx_word' id='word_1_163' title='bbox 764 2966 1035 3048; x_wconf 79' lang='lat' dir='ltr'>membranaceus,</span> <span class='ocrx_word' id='word_1_164' title='bbox 1058 2963 1160 3029; x_wconf 85' lang='lat' dir='ltr'>forma</span> <span class='ocrx_word' id='word_1_165' title='bbox 1181 2963 1279 3027; x_wconf 80' lang='lat' dir='ltr'>maxi·</span> <span class='ocrx_word' id='word_1_166' title='bbox 1297 2968 1329 3031; x_wconf 93' lang='lat' dir='ltr'><em>B</em></span> 
     </span>
     <span class='ocr_line' id='line_1_21' title="bbox 186 3079 1281 3168; baseline 0.002 -21"><span class='ocrx_word' id='word_1_167' title='bbox 186 3103 252 3161; x_wconf 87' lang='lat' dir='ltr'>ma,</span> <span class='ocrx_word' id='word_1_168' title='bbox 276 3081 395 3147; x_wconf 87' lang='lat' dir='ltr'>saeeuli</span> <span class='ocrx_word' id='word_1_169' title='bbox 417 3081 457 3146; x_wconf 88' lang='lat' dir='ltr'>X.</span> <span class='ocrx_word' id='word_1_170' title='bbox 482 3079 521 3146; x_wconf 81' lang='lat' dir='ltr'>ef.</span> <span class='ocrx_word' id='word_1_171' title='bbox 546 3081 657 3148; x_wconf 87' lang='lat' dir='ltr'>Orellii</span> <span class='ocrx_word' id='word_1_172' title='bbox 677 3082 813 3147; x_wconf 90' lang='lat' dir='ltr'>Phaedr.</span> <span class='ocrx_word' id='word_1_173' title='bbox 836 3084 902 3149; x_wconf 83' lang='lat' dir='ltr'>fab.</span> <span class='ocrx_word' id='word_1_174' title='bbox 924 3105 955 3168; x_wconf 89' lang='lat' dir='ltr'>p.</span> <span class='ocrx_word' id='word_1_175' title='bbox 974 3088 1034 3153; x_wconf 79' lang='lat'>140</span> <span class='ocrx_word' id='word_1_176' title='bbox 1057 3103 1126 3148; x_wconf 85' lang='lat' dir='ltr'>oum</span> <span class='ocrx_word' id='word_1_177' title='bbox 1149 3084 1281 3150; x_wconf 86' lang='lat' dir='ltr'>adnota-</span> 
     </span>
     <span class='ocr_line' id='line_1_22' title="bbox 185 3201 896 3286; baseline 0.001 -21"><span class='ocrx_word' id='word_1_178' title='bbox 185 3203 280 3267; x_wconf 83' lang='lat' dir='ltr'>tione.</span> <span class='ocrx_word' id='word_1_179' title='bbox 315 3201 460 3266; x_wconf 82' lang='lat' dir='ltr'>oenlatus</span> <span class='ocrx_word' id='word_1_180' title='bbox 483 3206 532 3266; x_wconf 88' lang='lat' dir='ltr'>est</span> <span class='ocrx_word' id='word_1_181' title='bbox 553 3201 593 3267; x_wconf 92' lang='lat' dir='ltr'>ab</span> <span class='ocrx_word' id='word_1_182' title='bbox 616 3202 752 3267; x_wconf 84' lang='lat' dir='ltr'>Hertzio.</span> <span class='ocrx_word' id='word_1_183' title='bbox 785 3202 896 3286; x_wconf 75' lang='lat' dir='ltr'>incipit</span> 
     </span>
     <span class='ocr_line' id='line_1_23' title="bbox 320 3320 896 3409; baseline 0.003 -24"><span class='ocrx_word' id='word_1_184' title='bbox 320 3322 538 3386; x_wconf 79' lang='lat' dir='ltr'>Werr‘abarr&#39;ae</span> <span class='ocrx_word' id='word_1_185' title='bbox 561 3324 614 3409; x_wconf 66' lang='lat' dir='ltr'>eps</span> <span class='ocrx_word' id='word_1_186' title='bbox 637 3320 703 3388; x_wconf 63' lang='lat' dir='ltr'>ded*</span> <span class='ocrx_word' id='word_1_187' title='bbox 719 3329 769 3405; x_wconf 57' lang='lat' dir='ltr'>sce</span> <span class='ocrx_word' id='word_1_188' title='bbox 790 3324 896 3405; x_wconf 62' lang='lat' dir='ltr'>Moris</span> 
     </span>
     <span class='ocr_line' id='line_1_24' title="bbox 314 3440 1271 3512; baseline 0 -6"><span class='ocrx_word' id='word_1_189' title='bbox 314 3440 400 3506; x_wconf 72' lang='lat' dir='ltr'>ota</span> <span class='ocrx_word' id='word_1_190' title='bbox 408 3440 510 3504; x_wconf 87' lang='lat' dir='ltr'>VDH</span> <span class='ocrx_word' id='word_1_191' title='bbox 527 3442 745 3510; x_wconf 73' lang='lat' dir='ltr'><strong><em>CAESARIS</em></strong></span> <span class='ocrx_word' id='word_1_192' title='bbox 765 3442 935 3512; x_wconf 68' lang='lat' dir='ltr'><em>ARATI*</em></span> <span class='ocrx_word' id='word_1_193' title='bbox 948 3440 1271 3507; x_wconf 81' lang='lat' dir='ltr'><strong><em>PHOENOMENA.</em></strong></span> 
     </span>
     <span class='ocr_line' id='line_1_25' title="bbox 179 3558 1285 3645; baseline 0.005 -25"><span class='ocrx_word' id='word_1_194' title='bbox 179 3563 261 3645; x_wconf 69' lang='lat' dir='ltr'>vpost</span> <span class='ocrx_word' id='word_1_195' title='bbox 282 3558 427 3642; x_wconf 83' lang='lat' dir='ltr'>singulas</span> <span class='ocrx_word' id='word_1_196' title='bbox 450 3564 603 3623; x_wconf 80' lang='lat' dir='ltr'><strong>astrorum</strong></span> <span class='ocrx_word' id='word_1_197' title='bbox 625 3559 854 3642; x_wconf 69' lang='lat' dir='ltr'>descriptiones</span> <span class='ocrx_word' id='word_1_198' title='bbox 879 3558 1016 3623; x_wconf 81' lang='lat' dir='ltr'>lacunae</span> <span class='ocrx_word' id='word_1_199' title='bbox 1043 3559 1173 3624; x_wconf 83' lang='lat' dir='ltr'>relictae</span> <span class='ocrx_word' id='word_1_200' title='bbox 1200 3559 1285 3625; x_wconf 89' lang='lat' dir='ltr'>inse-</span> 
     </span>
     <span class='ocr_line' id='line_1_26' title="bbox 188 3676 1285 3760; baseline 0.004 -19"><span class='ocrx_word' id='word_1_201' title='bbox 188 3677 309 3760; x_wconf 87' lang='lat' dir='ltr'>rendis,</span> <span class='ocrx_word' id='word_1_202' title='bbox 338 3681 372 3740; x_wconf 88' lang='lat' dir='ltr'>ut</span> <span class='ocrx_word' id='word_1_203' title='bbox 393 3676 539 3741; x_wconf 87' lang='lat' dir='ltr'>Hertzius</span> <span class='ocrx_word' id='word_1_204' title='bbox 568 3677 745 3760; x_wconf 79' lang='lat' dir='ltr'>suspicatus</span> <span class='ocrx_word' id='word_1_205' title='bbox 769 3685 832 3757; x_wconf 88' lang='lat' dir='ltr'>est,</span> <span class='ocrx_word' id='word_1_206' title='bbox 860 3677 1065 3759; x_wconf 80' lang='lat' dir='ltr'>imaginibus,</span> <span class='ocrx_word' id='word_1_207' title='bbox 1094 3699 1175 3760; x_wconf 83' lang='lat' dir='ltr'>quae</span> <span class='ocrx_word' id='word_1_208' title='bbox 1200 3699 1285 3744; x_wconf 88' lang='lat' dir='ltr'>nuno</span> 
     </span>
     <span class='ocr_line' id='line_1_27' title="bbox 186 3794 1285 3881; baseline 0.003 -21"><span class='ocrx_word' id='word_1_209' title='bbox 186 3797 220 3861; x_wconf 90' lang='lat' dir='ltr'>in</span> <span class='ocrx_word' id='word_1_210' title='bbox 242 3794 437 3879; x_wconf 82' lang='lat' dir='ltr'>marginibus</span> <span class='ocrx_word' id='word_1_211' title='bbox 463 3795 665 3862; x_wconf 87' lang='lat' dir='ltr'>interioribus</span> <span class='ocrx_word' id='word_1_212' title='bbox 695 3797 839 3880; x_wconf 85' lang='lat' dir='ltr'>depietae</span> <span class='ocrx_word' id='word_1_213' title='bbox 867 3807 948 3861; x_wconf 90' lang='lat' dir='ltr'>sunt.</span> <span class='ocrx_word' id='word_1_214' title='bbox 983 3795 1105 3861; x_wconf 82' lang='lat' dir='ltr'>scholia</span> <span class='ocrx_word' id='word_1_215' title='bbox 1126 3796 1285 3881; x_wconf 86' lang='lat' dir='ltr'>quaedam</span> 
     </span>
     <span class='ocr_line' id='line_1_28' title="bbox 188 3913 1286 3999; baseline 0.005 -22"><span class='ocrx_word' id='word_1_216' title='bbox 188 3915 337 3996; x_wconf 78' lang='lat' dir='ltr'>leguntur</span> <span class='ocrx_word' id='word_1_217' title='bbox 361 3914 395 3977; x_wconf 92' lang='lat' dir='ltr'>in</span> <span class='ocrx_word' id='word_1_218' title='bbox 426 3914 622 3998; x_wconf 81' lang='lat' dir='ltr'>marginibus</span> <span class='ocrx_word' id='word_1_219' title='bbox 648 3915 867 3981; x_wconf 81' lang='lat' dir='ltr'>exterioribus:</span> <span class='ocrx_word' id='word_1_220' title='bbox 907 3913 1020 3979; x_wconf 89' lang='lat' dir='ltr'>eadem</span> <span class='ocrx_word' id='word_1_221' title='bbox 1047 3935 1174 3995; x_wconf 82' lang='lat' dir='ltr'>manus,</span> <span class='ocrx_word' id='word_1_222' title='bbox 1204 3937 1286 3999; x_wconf 88' lang='lat' dir='ltr'>quae</span> 
     </span>
     <span class='ocr_line' id='line_1_29' title="bbox 122 4016 1285 4121; baseline 0.003 -24"><span class='ocrx_word' id='word_1_223' title='bbox 122 4016 123 4019; x_wconf 21' lang='lat'>¹</span> <span class='ocrx_word' id='word_1_224' title='bbox 189 4033 421 4099; x_wconf 68' lang='lat' dir='ltr'>declinationem</span> <span class='ocrx_word' id='word_1_225' title='bbox 442 4032 544 4098; x_wconf 88' lang='lat' dir='ltr'>oodiei</span> <span class='ocrx_word' id='word_1_226' title='bbox 564 4034 734 4119; x_wconf 84' lang='lat' dir='ltr'>inseripsit,</span> <span class='ocrx_word' id='word_1_227' title='bbox 757 4034 876 4120; x_wconf 89' lang='lat' dir='ltr'>passim</span> <span class='ocrx_word' id='word_1_228' title='bbox 899 4034 1052 4099; x_wconf 77' lang='lat' dir='ltr'>lectiones</span> <span class='ocrx_word' id='word_1_229' title='bbox 1075 4034 1200 4101; x_wconf 91' lang='lat' dir='ltr'>addidit</span> <span class='ocrx_word' id='word_1_230' title='bbox 1221 4036 1285 4121; x_wconf 91' lang='lat' dir='ltr'>ple-</span> 
     </span>
     <span class='ocr_line' id='line_1_30' title="bbox 189 4153 1337 4241; baseline 0.004 -24"><span class='ocrx_word' id='word_1_231' title='bbox 189 4172 320 4235; x_wconf 90' lang='lat' dir='ltr'>rumque</span> <span class='ocrx_word' id='word_1_232' title='bbox 336 4173 407 4218; x_wconf 87' lang='lat' dir='ltr'>eum</span> <span class='ocrx_word' id='word_1_233' title='bbox 422 4153 600 4219; x_wconf 89' lang='lat' dir='ltr'>Basileensi</span> <span class='ocrx_word' id='word_1_234' title='bbox 615 4154 831 4239; x_wconf 76' lang='lat' dir='ltr'>conspirantes</span> <span class='ocrx_word' id='word_1_235' title='bbox 847 4155 931 4241; x_wconf 72' lang='lat'><em>(13²).</em></span> <span class='ocrx_word' id='word_1_236' title='bbox 966 4154 1042 4220; x_wconf 88' lang='lat' dir='ltr'>orde</span> <span class='ocrx_word' id='word_1_237' title='bbox 1065 4175 1212 4221; x_wconf 86' lang='lat' dir='ltr'>uersuum</span> <span class='ocrx_word' id='word_1_238' title='bbox 1233 4155 1337 4222; x_wconf 85' lang='lat' dir='ltr'>hioB²</span> 
     </span>
     <span class='ocr_line' id='line_1_31' title="bbox 190 4277 1287 4345; baseline 0.005 -12"><span class='ocrx_word' id='word_1_239' title='bbox 190 4277 238 4334; x_wconf 90' lang='lat' dir='ltr'>est</span> <span class='ocrx_word' id='word_1_240' title='bbox 261 4277 371 4339; x_wconf 80' lang='grc'><strong>1-64.</strong></span> <span class='ocrx_word' id='word_1_241' title='bbox 390 4278 525 4341; x_wconf 65' lang='lat' dir='ltr'>sto-95.</span> <span class='ocrx_word' id='word_1_242' title='bbox 553 4278 686 4343; x_wconf 78' lang='grc'>71-82.</span> <span class='ocrx_word' id='word_1_243' title='bbox 707 4280 841 4343; x_wconf 81' lang='grc'><strong>84-89.</strong></span> <span class='ocrx_word' id='word_1_244' title='bbox 862 4279 912 4343; x_wconf 80' lang='grc'>96.</span> <span class='ocrx_word' id='word_1_245' title='bbox 937 4278 1287 4345; x_wconf 63' lang='grc'>98-142144-146.</span> 
     </span>
    </p>
   </div>
   <div class='ocr_carea' id='block_1_5' title="bbox 194 4390 1286 4564">
    <p class='ocr_par' dir='ltr' id='par_1_7' title="bbox 194 4390 1286 4564">
     <span class='ocr_line' id='line_1_32' title="bbox 194 4390 1286 4463; baseline 0.001 -8"><span class='ocrx_word' id='word_1_246' title='bbox 194 4393 255 4458; x_wconf 87' lang='grc'>148</span> <span class='ocrx_word' id='word_1_247' title='bbox 267 4390 507 4456; x_wconf 78' lang='lat' dir='ltr'>contaminatus.</span> <span class='ocrx_word' id='word_1_248' title='bbox 531 4390 966 4460; x_wconf 75' lang='lat' dir='ltr'>AuieniPhaen.371—-374.</span> <span class='ocrx_word' id='word_1_249' title='bbox 981 4397 1158 4463; x_wconf 74' lang='lat' dir='ltr'>eto—378.</span> <span class='ocrx_word' id='word_1_250' title='bbox 1180 4393 1286 4458; x_wconf 80' lang='lat' dir='ltr'>Germ.</span> 
     </span>
     <span class='ocr_line' id='line_1_33' title="bbox 1052 4511 1071 4564; baseline 0 0"><span class='ocrx_word' id='word_1_251' title='bbox 1052 4511 1071 4564; x_wconf 94' lang='lat' dir='ltr'>b</span> 
     </span>
    </p>
   </div>
   <div class='ocr_carea' id='block_1_6' title="bbox 0 0 1645 5204">
    <p class='ocr_par' dir='ltr' id='par_1_8' title="bbox 0 0 1645 5204">
     <span class='ocr_line' id='line_1_34' title="bbox 0 0 1645 5204; baseline 0 0"><span class='ocrx_word' id='word_1_252' title='bbox 0 0 1645 5204; x_wconf 95' lang='lat' dir='ltr'> </span> 
     </span>
    </p>
   </div>
  </div>
 </body>
</html>
