3254 5202
772 470 1007 537 ..166-

300 646 412 715 Snem
435 642 554 721 abisse,
576 640 677 707 Arion
693 638 734 704 de
748 643 955 705 monumento
976 638 1103 724 prodiit.
1128 657 1222 719 quem
1237 636 1286 701 illi
1302 638 1450 704 uidentes

340 754 562 818 obmutuerunt
589 750 698 832 ibique
727 749 814 829 regis
840 747 974 831 imperio
998 748 1084 813 cruci
1106 746 1196 812 affixi
1217 753 1301 812 sunt.
1334 748 1450 814 dehinc

340 862 425 933 Iouis
449 859 653 925 miseratione
682 857 797 922 dicitur
826 855 945 944 [quod]
968 857 1069 921 Arion
1097 878 1168 923 cum
1195 856 1346 941 delphino
1369 856 1452 922 inter

341 970 449 1035 sidera
471 970 594 1052 positus
620 966 694 1053 [siti.
728 966 878 1048 Nigidius
894 971 1001 1032 autem
1016 965 1114 1031 refert
1129 966 1288 1048 †quodam
1309 972 1451 1050 tempore

316 1105 328 1142 s
341 1084 498 1143 memorat
512 1078 541 1142 is
555 1077 668 1143 Iouem
684 1097 755 1142 cum
771 1076 884 1141 ceteris
907 1075 969 1139 diis
992 1075 1078 1157 apud
1093 1076 1237 1158 Niseum,
1260 1094 1368 1158 regem
1383 1074 1452 1138 Bis-

342 1186 531 1268 thoniorum,
555 1186 694 1271 hospitio
718 1185 838 1269 dapsili
862 1186 1058 1270 copiosoque
1083 1184 1197 1249 affectu
1220 1182 1384 1267 praeditos
1406 1182 1452 1246 hi·

343 1296 468 1359 laritate
491 1296 672 1362 constitisse
696 1302 726 1360 et
748 1294 782 1359 in
805 1294 892 1359 corio
915 1295 1014 1379 tauri,
1038 1295 1092 1376 qui
1114 1298 1190 1358 tunc
1212 1293 1259 1358 eis
1280 1293 1453 1357 inmolatus

344 1405 459 1481 fuerat,
485 1404 640 1471 minuisse
664 1425 767 1488 eoque
789 1405 860 1469 loco
887 1403 953 1491 [in]
978 1405 1099 1469 corium
1120 1411 1206 1469 terra
1229 1403 1389 1481 obrutum,
1413 1421 1453 1466 ex

345 1536 408 1601 quo
432 1519 527 1579 natus
542 1514 583 1579 sit
598 1513 705 1578 Orion.
729 1536 792 1596 quo
815 1533 855 1578 ex
876 1513 961 1578 facto
985 1512 1176 1579 adolescens
1198 1514 1299 1595 digna
1320 1512 1453 1578 deorum

309 1624 449 1693 reforma
471 1629 567 1705 atque
590 1623 723 1707 egregia
744 1623 860 1688 uirtute
882 1623 1032 1687 incitatus
1047 1622 1209 1687 inmortali
1223 1622 1377 1688 memoria
1399 1622 1455 1686 ob-

344 1732 556 1817 temperabat,
580 1732 696 1815 quibus
712 1737 800 1795 ortus
816 1732 990 1799 dicebatur.
1016 1753 1090 1797 nam
1109 1752 1182 1796 cum
1202 1731 1236 1795 in
1257 1736 1365 1796 monte
1387 1732 1455 1797 lcen

345 1843 462 1909 lecinio
485 1846 668 1922 nonoretur,
693 1839 828 1905 irridens
850 1841 990 1905 Dianam
1013 1841 1239 1906 contemnebat
1260 1841 1329 1905 cius
1345 1860 1454 1924 opera,

346 1971 431 2035 quae
454 1950 488 2015 in
510 1957 617 2015 monte
640 1949 864 2016 constituebat.
887 1950 996 2032 itaque
1013 1949 1153 2016 Dianam
1166 1950 1293 2015 misisse
1316 1949 1456 2032 scorpio·

348 2079 431 2139 nem,
455 2059 510 2141 qui
533 2058 685 2125 Orionem
707 2059 776 2124 uita
798 2059 948 2142 priuaret.
993 2060 1092 2125 Orion
1115 2059 1182 2124 uita
1204 2059 1348 2142 priuatus
1372 2058 1457 2123 side·

311 2200 335 2238 ιι
347 2168 436 2233 ribus
461 2170 669 2233 constituitur.
704 2168 802 2233 habet
830 2174 936 2233 autem
964 2168 1076 2234 stellas
1098 2169 1131 2235 in
1154 2167 1259 2252 capite
1281 2168 1387 2232 claras
1409 2190 1455 2251 ιιι,

349 2298 365 2342 e
390 2277 506 2360 quibus
529 2276 637 2341 media
660 2285 708 2342 est
731 2276 931 2359 splendidior
953 2278 1081 2362 ceteris,
1104 2277 1138 2341 in
1160 2278 1295 2362 singulis
1316 2278 1457 2345 humeris

347 2387 493 2470 singulas
509 2386 625 2465 claras,
648 2387 681 2450 in
697 2387 809 2463 dextro
828 2386 933 2451 cubito
950 2387 1119 2454 obscuram
1134 2411 1154 2471 1,
1177 2387 1211 2453 iu
1225 2385 1338 2452 eadem
1359 2407 1458 2453 manu

347 2520 358 2559 1
381 2502 412 2560 et
433 2496 467 2559 in
490 2515 572 2560 zona
594 2518 645 2580 nr,
667 2495 702 2558 in
724 2494 836 2577 gladio
860 2515 955 2578 quem
977 2502 1064 2562 tenet
1085 2497 1121 2563 in
1141 2515 1309 2582 manum,
1337 2498 1371 2561 in
1392 2495 1458 2561 sin·

347 2606 431 2691 gulis
453 2605 590 2689 genibus
614 2605 775 2690 singulas,
806 2606 839 2669 in
866 2605 1004 2688 singulis
1032 2605 1170 2689 pedibus
1193 2604 1349 2686 singulas.
1383 2613 1458 2672 sunt

309 2715 462 2782 castellae
485 2713 597 2779 decem
619 2722 651 2779 et
672 2720 805 2799 septem,
829 2716 940 2781 decem
964 2736 1004 2782 ex
1026 2716 1076 2781 his
1098 2716 1308 2782 obscuriores.
1332 2717 1458 2783 balteus

348 2823 417 2888 eius
439 2829 471 2887 et
492 2822 621 2906 gladius
644 2829 798 2889 aeternae
821 2844 895 2891 esse
919 2824 1149 2891 existimantur.

434 2933 515 2997 Cum
537 2932 641 3016 tetigit
663 2933 753 3021 solis]

433 3040 535 3107 Sirius
562 3043 658 3108 stella
685 3043 789 3109 estin
811 3045 917 3111 medio
942 3050 1050 3110 centro
1074 3044 1172 3123 caeli,
1201 3044 1244 3109 ad
1267 3066 1365 3128 quam
1387 3067 1460 3111 cum

310 3233 331 3282 s
385 3222 400 3275 1
420 3220 515 3274 abisse
535 3222 613 3276 orion
631 3227 652 3275 S
678 3221 691 3293 Η
718 3224 824 3277 obiisse
845 3227 874 3276 et
897 3228 918 3275 V
940 3222 953 3293 Η
979 3223 1117 3293 prodiisse
1141 3221 1196 3293 ΡΗ
1220 3225 1237 3278 2
1256 3228 1461 3280 ommutueruut

354 3314 377 3360 V
396 3306 409 3377 Η
431 3307 556 3362 crucifixi
580 3314 601 3362 V
622 3307 636 3379 Η
660 3313 677 3365 3
697 3309 772 3380 quod
791 3329 839 3361 om.
860 3315 881 3361 V
899 3314 986 3363 ‹leleui
1008 3310 1020 3380 Η
1041 3311 1115 3364 inter
1133 3315 1210 3365 astra
1234 3318 1254 3364 V
1279 3311 1292 3384 Η
1316 3313 1335 3368 4
1353 3313 1391 3366 sit
1410 3332 1460 3368 om.

356 3397 476 3446 Vdeleui
497 3392 510 3464 Η
528 3394 634 3465 Apollo
654 3402 746 3453 antem
765 3401 880 3469 propter
899 3402 986 3452 artem
1005 3400 1129 3460 citharae
1147 3398 1283 3455 Arionem
1303 3405 1332 3454 et
1351 3399 1459 3470 delphi-

350 3496 414 3533 num
432 3481 461 3533 in
481 3482 566 3535 astris
584 3485 680 3554 posuit
699 3490 821 3553 lippinus
852 3487 865 3557 Η
898 3496 959 3552 post
982 3486 1069 3539 refert
1091 3490 1194 3554 aliquid
1214 3491 1345 3541 excidisse
1365 3493 1460 3541 ‹loceot

350 3570 453 3619 acholio
466 3573 553 3624 Rusil.
568 3575 601 3637 cf.
614 3581 733 3638 p.63,ld
748 3573 761 3645 Η
782 3576 800 3630 5
818 3576 979 3629 memoratis
997 3580 1081 3628 Soros.
1101 3580 1124 3627 V
1142 3571 1154 3643 Η
1175 3573 1302 3628 Museum
1325 3582 1346 3628 V
1365 3575 1379 3646 Η
1398 3574 1460 3629 Mu-

351 3655 480 3706 saeumb
506 3654 519 3728 Η
546 3656 731 3712 bistoniorum
749 3677 844 3730 regem
868 3668 890 3715 V
915 3660 928 3733 Η
954 3662 1128 3719 GdessiliS
1155 3663 1167 3732 Η
1193 3661 1304 3730 prodito
1322 3668 1371 3716 SV
1394 3662 1406 3733 Η
1431 3664 1462 3717 in

351 3740 497 3810 hylaritate
517 3749 539 3797 V
557 3744 570 3814 Η
592 3746 607 3799 7
626 3748 809 3801 constituisse
829 3755 860 3803 ut
872 3756 921 3803 SV
941 3749 954 3821 Η
975 3749 1105 3804 imolatus
1125 3756 1146 3802 V
1165 3748 1177 3821 Η
1197 3751 1215 3804 8
1233 3749 1388 3817 mingerent
1405 3756 1427 3804 V
1447 3751 1461 3822 Η

351 3827 414 3881 locri
432 3834 453 3882 S
474 3830 487 3900 Η
507 3831 536 3885 in
555 3834 632 3887 corio
650 3838 700 3887 SV
718 3833 731 3904 Η
752 3836 852 3890 obruto
877 3842 897 3888 V
918 3836 931 3906 Η
952 3854 988 3890 ex
1007 3854 1061 3906 quo
1082 3857 1132 3895 ons.
1150 3842 1171 3890 V
1190 3836 1203 3907 Η
1223 3839 1240 3892 9
1260 3836 1307 3906 qui
1326 3837 1417 3892 factus
1440 3845 1464 3891 V

352 3912 366 3983 Η
386 3915 554 3974 adolescens
573 3924 594 3972 S
614 3920 627 3990 Η
648 3923 682 3977 10
700 3922 847 3975 immortali
871 3927 893 3975 V
915 3923 929 3994 Η
954 3925 987 3978 11
1007 3925 1098 3978 celino
1122 3924 1177 3995 ΡΗ
1203 3927 1237 3979 12
1254 3925 1380 3995 Dyanam
1404 3931 1425 3977 V
1444 3924 1458 3996 Η

352 4006 576 4075 contepnebatS
596 4006 610 4078 Η
630 4010 664 4063 13
675 4009 802 4064 Dianas
823 4006 835 4078 Η
857 4009 956 4076 Dyana
974 4017 995 4062 V
1013 4010 1027 4084 Η
1047 4013 1160 4067 misisse
1173 4012 1276 4067 dicitnr
1294 4018 1316 4066 V
1334 4010 1348 4083 Η
1369 4013 1403 4068 14
1415 4029 1461 4082 sy-

315 4152 318 4157 ,
352 4091 464 4147 deribus
484 4100 529 4149 est
547 4096 642 4150 illatus
666 4103 687 4149 V
716 4097 729 4166 Η
759 4099 792 4152 16
810 4096 1007 4166 plendidiorS
1037 4099 1051 4171 Η
1081 4102 1115 4157 18
1134 4105 1163 4154 et
1182 4120 1230 4153 om.
1254 4106 1276 4154 V
1302 4098 1316 4170 Η
1344 4101 1380 4156 20
1397 4105 1465 4154 sunt

351 4197 447 4236 omnes
466 4201 528 4237 rvu
551 4181 605 4253 ΡΗ
623 4183 765 4263 Baltheus
778 4188 827 4237 SV
846 4182 859 4255 Η
884 4185 917 4241 21
937 4191 1032 4241 eterne
1050 4191 1099 4241 SV
1122 4186 1136 4256 Η
1162 4189 1197 4245 22
1217 4193 1307 4242 Germ.
1319 4196 1463 4245 δικ-340

350 4273 371 4323 S
391 4272 406 4345 Η
424 4271 460 4327 23
478 4270 575 4344 Syrius
598 4270 653 4344 ΡΗ
672 4270 708 4325 ad
727 4263 784 4345 fis
803 4273 818 4349 Η
