3202 5200
577 490 812 559 -213-

138 661 201 724 turi
223 659 376 743 postridie
398 660 556 738 occidens,
581 666 612 724 el
633 660 732 725 multo
753 661 859 726 minus
874 663 1081 745 plenilunium
1098 664 1249 732 incidere.
1267 672 1293 738 S

137 770 182 833 III
205 790 308 834 nonas
330 771 396 833 lun.
419 770 534 834 itemm
558 767 668 851 aquila
691 770 832 834 exoritur
853 770 980 853 uesperi
996 770 1173 838 decretorio
1196 776 1249 840 die

138 879 325 944 florentibus
355 878 435 944 oleis
458 878 655 960 suibusque,
686 877 713 942 si
735 878 946 962 plenilunium
967 881 1001 945 in
1024 902 1097 947 cum
1118 882 1249 948 incidat.

140 986 287 1070 equidem
310 994 341 1053 et
363 988 533 1053 solstitium
548 986 624 1050 VIII
636 986 700 1050 kal.
715 986 784 1081 Iul.
809 987 842 1051 in
864 988 960 1054 simili
984 1011 1082 1057 causa
1104 990 1251 1057 duxerim

139 1101 170 1161 et
192 1096 279 1163 canis
295 1101 399 1161 ortum
414 1102 487 1181 post
502 1097 572 1161 dies
588 1117 608 1160 a
622 1094 760 1160 solstitio
782 1097 897 1178 uiginti
912 1105 989 1179 tres,
1005 1099 1066 1167 sed
1079 1100 1248 1166 interlunio
1274 1117 1286 1154 ⁵

138 1204 315 1281 accidente,
327 1205 478 1287 quoniam
495 1225 615 1289 uapore
628 1209 752 1269 constat
764 1206 859 1288 eulpa
871 1210 1017 1293 acinique
1028 1229 1248 1294 praecoquun-

138 1321 189 1377 tur
203 1313 236 1377 in
251 1313 380 1378 callum.
402 1335 528 1380 rursum
550 1312 759 1399 plenilunium
781 1323 878 1400 nocet
892 1338 922 1382 a.
939 1318 969 1382 d.
985 1319 1047 1383 IIII
1062 1339 1164 1385 nonas
1180 1319 1249 1396 Iul,

138 1442 209 1486 oum
224 1422 374 1508 Aegypto
392 1424 539 1490 canicula
554 1422 702 1505 exoritur,
717 1422 770 1487 uel
786 1430 872 1489 certe
887 1426 964 1492 XVI
979 1428 1045 1493 kal.
1061 1430 1154 1511 Aug„
1178 1447 1249 1492 cum

135 1531 251 1596 Italiae
274 1533 386 1612 oritur,
418 1533 495 1598 item
517 1531 598 1596 XIII
620 1530 686 1595 kal.
709 1532 806 1616 Aug.²
831 1554 903 1598 cum
926 1536 1037 1619 aquila
1060 1536 1176 1602 occidit
1198 1556 1248 1600 us·

138 1660 199 1721 que
221 1642 254 1705 in
270 1643 301 1706 X
316 1642 380 1706 kal.
398 1641 551 1707 eiusdem.
576 1645 669 1705 extra
690 1638 749 1705 has
773 1661 887 1708 causas
911 1651 984 1710 sunl
999 1646 1128 1712 Vinalia
1144 1647 1284 1712 alteram

137 1769 220 1832 quac
243 1757 381 1831 aguntur
403 1770 432 1814 a.
456 1750 486 1813 d.
510 1750 607 1815 XIIII
629 1750 695 1814 kal.
718 1749 894 1834 Septembr.
933 1754 1034 1819 Varro
1057 1777 1096 1822 ea
1117 1756 1248 1823 fidicula

136 1858 309 1941 incipiente
332 1858 479 1924 occidere
502 1880 599 1926 mane
623 1860 821 1939 determinat,
846 1862 934 1944 quod
955 1864 1023 1928 uult
1045 1865 1169 1930 initium
1191 1885 1247 1930 au-

135 1969 235 2030 tumni
263 1987 334 2032 esse
363 1973 393 2032 et
420 1968 504 2032 hunc
531 1969 614 2035 diem
640 1969 756 2034 festum
783 1973 1028 2056 tempestatibus
1060 1972 1246 2043 inhibendis

135 2059 323 2140 insututum.
344 2096 429 2141 nuno
450 2076 611 2143 fidiculam
635 2078 782 2144 occidere
804 2099 833 2144 a.
858 2081 888 2145 d.
912 2083 956 2147 VI
976 2082 1049 2148 idus
1070 2084 1152 2165 Aug.
1176 2103 1244 2151 ser-

135 2190 235 2249 uatur.
257 2185 339 2250 intra
354 2186 434 2252 haec
449 2192 572 2251 constat
587 2187 734 2253 caelestis
756 2189 908 2257 sterilitas
931 2212 1035 2275 neque
1058 2194 1244 2274 negauerim
1257 2211 1282 2249 1⁵

139 2446 160 2493 V
183 2441 195 2510 Η
224 2441 373 2495 exhorrent
392 2444 464 2496 enim
483 2442 612 2511 frigidum
631 2444 645 2492 1
672 2441 685 2513 Η
710 2444 837 2498 exhaurit
856 2446 929 2499 enim
947 2451 1044 2514 scripsi
1063 2448 1107 2513 (=
1125 2450 1240 2499 Pliniun.
1259 2446 1281 2495 S

133 2530 208 2579 codd.
225 2527 274 2593 Til)
295 2524 309 2596 Η
330 2529 419 2582 exurit
431 2533 534 2581 Plinius
554 2526 568 2598 Η
589 2527 706 2597 sydusS
722 2528 734 2598 Η
750 2529 842 2583 sidere
861 2529 909 2601 ΡΗ
925 2533 1027 2586 arcturi
1041 2536 1128 2601 queS
1149 2530 1162 2602 Η
1182 2548 1242 2586 urc-

132 2613 187 2665 turi
206 2612 280 2681 quod
299 2619 381 2667 Vom.
396 2615 524 2667 lPliuius
544 2612 557 2684 Η
578 2615 592 2668 1
613 2614 718 2668 occidit
734 2621 757 2668 V
775 2615 788 2685 Η
809 2616 909 2670 Incidit
926 2622 948 2669 V
967 2616 980 2687 Η
999 2618 1016 2672 2
1036 2622 1134 2687 quomo
1152 2635 1241 2674 nonas

133 2699 148 2748 1
169 2697 182 2767 Η
201 2698 260 2752 IIII
278 2716 367 2753 nonas
386 2704 489 2754 Plinius
509 2698 522 2770 Η
543 2700 609 2770 quia
628 2700 722 2769 aquila
744 2707 767 2754 V
789 2701 803 2772 Η
828 2702 976 2781 decretozp
995 2720 1029 2757 eo
1049 2703 1094 2756 die
1112 2707 1133 2756 S
1154 2705 1167 2775 Η
1187 2720 1242 2773 que

133 2785 194 2839 dies
215 2786 329 2840 decreta
348 2791 393 2840 est
416 2793 437 2841 V
459 2786 472 2857 Η
499 2786 657 2841 decretorio
676 2787 722 2840 die
742 2790 756 2839 1
782 2788 795 2858 Η
821 2791 838 2844 3
856 2789 1037 2860 plenilunium
1055 2796 1117 2844 meu
1136 2791 1243 2846 incidat

132 2876 153 2924 S
173 2871 187 2942 Η
207 2873 385 2943 plenilunium
404 2874 512 2929 incidat
529 2881 551 2927 V
569 2873 582 2944 Η
602 2875 783 2945 plenilunium
802 2875 909 2930 incidat
927 2877 955 2930 in
974 2893 1036 2930 eum
1055 2879 1069 2929 1
1090 2876 1104 2949 Η
1123 2878 1241 2948 plenilu-

131 2960 206 3013 nium
225 2961 254 3012 iu
272 2977 333 3014 eum
351 2962 458 3016 Incidet
477 2965 579 3015 Plinius
598 2966 634 3028 cf.
659 2965 770 3016 Vrliclrs.
790 2967 887 3015 scindis.
907 2966 974 3015 Plin.
995 2968 1026 3014 ΙΙ
1042 2972 1077 3016 61
1095 2966 1131 3032 (n.
1141 2967 1206 3033 375)
1227 2966 1240 3035 Η

129 3065 148 3118 4
168 3063 324 3118 solsticium
342 3069 363 3118 S
383 3064 397 3136 Η
419 3036 507 3121 xdi-
526 3065 559 3122 kl
576 3065 658 3120 iulius
678 3071 698 3120 S
725 3066 739 3137 Η
764 3043 865 3122 octauo
885 3067 936 3121 cal.
956 3068 1051 3123 Iunius
1071 3072 1086 3121 1
1106 3068 1119 3140 Η
1144 3070 1172 3123 in
1192 3087 1242 3123 oni.

129 3154 236 3203 Plinius
256 3150 269 3220 Η
290 3168 358 3206 casn
379 3152 495 3207 dixerim
509 3157 522 3205 l·
543 3153 557 3225 Η
575 3156 592 3210 5
612 3154 647 3208 ab
667 3154 789 3208 solstitio
809 3158 830 3206 V
848 3153 862 3224 Η
882 3155 981 3222 igeniti
996 3149 1041 3209 tri
1056 3172 1083 3215 sa
1099 3161 1119 3209 S
1139 3154 1152 3226 Η
1171 3156 1240 3210 ielu-

129 3238 178 3291 nio
198 3242 219 3289 S
239 3237 253 3308 Η
273 3241 289 3295 6
308 3239 449 3294 incidente
473 3247 496 3294 V
513 3239 527 3310 Η
548 3245 641 3294 costat
659 3245 680 3293 S
701 3240 713 3311 Η
735 3241 769 3294 ab
789 3241 854 3311 iniq]
866 3245 1054 3312 precequntur
1073 3247 1084 3296 i
1102 3245 1201 3298 callum
1221 3249 1242 3295 S

129 3327 144 3396 Η
166 3326 203 3379 ab
221 3327 318 3397 iniquo
337 3330 543 3397 precoquuntur
561 3327 655 3381 calore
673 3332 696 3380 V
714 3326 726 3398 Η
748 3328 876 3398 sciuique
894 3335 1119 3400 praecoquuntur
1137 3331 1165 3383 in
1184 3330 1241 3384 cal-

128 3412 185 3467 lum
207 3410 255 3483 1Η
275 3417 477 3483 praecocuntur
490 3419 593 3467 Plinius
614 3414 626 3484 Η
647 3415 783 3469 lRursus
801 3418 837 3469 Vt
848 3419 952 3469 Plinius
973 3416 985 3487 Η
1005 3417 1211 3488 pleniliniumS
1226 3416 1240 3489 Η

127 3499 166 3554 nd
184 3501 243 3554 1111
261 3516 350 3554 nonas
369 3505 390 3552 S
410 3501 423 3569 Η
443 3501 503 3554 ΠΠ
521 3518 609 3556 nonas
634 3501 687 3570 ΡΗ
715 3501 749 3555 ad
770 3506 896 3570 quartum
915 3519 1004 3557 nonas
1024 3505 1038 3554 1
1059 3502 1072 3573 Η
1093 3520 1117 3556 a.
1137 3503 1163 3555 d.
1182 3504 1242 3558 ΠΠ

86 3603 95 3611 ·
126 3601 218 3640 nones
239 3590 341 3639 Plinius
364 3585 377 3655 Η
404 3588 576 3657 SegiptoS
602 3588 615 3657 Η
644 3594 747 3658 egypto
771 3594 793 3640 V
816 3587 829 3659 Η
857 3589 977 3658 9ytclie
997 3592 1019 3638 S
1043 3588 1057 3659 Η
1082 3588 1160 3642 italie
1185 3591 1238 3660 ΡΗ
1316 3662 1318 3669 Ι

127 3672 254 3727 exoritur
271 3674 307 3725 Vll
327 3671 342 3743 Η
363 3674 450 3727 cultur
468 3692 518 3727 oni.
532 3677 635 3726 Plinius
656 3673 670 3743 Η
689 3689 778 3743 usque
797 3675 833 3727 ad
852 3679 873 3726 V
892 3674 904 3742 Η
926 3676 960 3729 10
979 3674 1092 3727 easdem
1109 3678 1212 3728 Plinius
1227 3675 1240 3747 Η

126 3762 181 3815 has
201 3765 249 3813 ciis
268 3763 289 3811 S
309 3758 323 3830 Η
343 3760 395 3813 hos
414 3774 497 3813 casus
522 3757 575 3828 Vll
594 3760 645 3813 hes
665 3776 766 3815 causas
784 3763 799 3812 1
826 3761 839 3830 Η
865 3761 898 3815 11
917 3761 953 3814 ad
972 3761 1060 3814 XIIII
1079 3764 1099 3812 8
1120 3761 1133 3833 Η
1153 3763 1241 3818 XIIII

130 3854 155 3900 V
174 3843 187 3914 Η
206 3846 280 3899 XIII
299 3847 313 3896 1
334 3845 347 3915 Η
368 3862 392 3899 a.
412 3846 438 3899 d.
457 3846 545 3899 XIHI
563 3850 667 3898 Plinius
687 3844 700 3916 Η
726 3851 757 3900 ut
775 3848 815 3901 eit
833 3848 926 3901 Varro
951 3853 971 3900 V
990 3847 1005 3918 Η
1031 3852 1060 3902 et
1077 3849 1169 3903 Varro
1189 3853 1203 3901 1
1225 3851 1238 3919 Η

126 3936 158 3986 et
177 3948 194 3985 a
211 3931 393 4003 phidiculaS
413 3930 427 4002 Η
449 3937 478 3986 et
494 3933 645 4004 phydicula
668 3939 691 3986 V
708 3932 723 4004 Η
743 3951 760 3987 a
776 3934 908 3989 Fidicula
927 3936 941 3985 1
962 3934 976 4006 Η
997 3951 1032 3989 ea
1050 3935 1162 3990 fidicula,
1180 3940 1239 3989 Pli-

126 4023 189 4071 nius
215 4017 228 4087 Η
254 4020 288 4073 12
306 4019 446 4089 incipiens
465 4020 567 4075 exoriri
591 4026 614 4073 V
631 4020 644 4089 Η
665 4020 725 4075 uolt
742 4025 846 4074 Plinius
871 4020 884 4091 Η
911 4023 945 4077 13
962 4022 1103 4077 inhieudis
1122 4028 1144 4075 S
1164 4023 1178 4094 Η
1199 4023 1238 4078 le·

127 4102 240 4156 niendis
260 4120 324 4159 esse
344 4107 359 4157 1
380 4107 393 4177 Η
413 4105 551 4160 leniendis
570 4112 676 4161 Plinius
695 4106 709 4177 Η
735 4106 770 4161 14
787 4122 860 4160 nune
878 4107 992 4163 fidicula
1009 4113 1031 4160 S
1050 4107 1067 4179 Η
1085 4115 1152 4165 tunc
1170 4112 1238 4182 phy·

129 4188 250 4242 diculsm
267 4196 289 4242 V
309 4192 322 4261 Η
341 4208 413 4246 nunc
431 4192 588 4247 Fidiculam
608 4197 622 4246 1
642 4194 656 4265 Η
677 4194 711 4248 ad
730 4194 775 4248 VI
794 4193 891 4249 idusS
912 4191 925 4266 Η
944 4196 989 4250 VI
1000 4196 1063 4249 idus
1080 4202 1103 4249 V
1122 4195 1137 4267 Η
1157 4202 1239 4252 sexto

21 4268 31 4277 ”
126 4273 197 4330 Idus
216 4275 231 4326 1
252 4274 265 4345 Η
286 4291 310 4329 a
323 4276 349 4330 d.
362 4277 407 4332 VI
425 4276 488 4333 idus
507 4283 610 4334 Plinius
629 4279 644 4352 Η
664 4282 829 4339 obseruator
851 4283 888 4335 Ρ1
908 4280 922 4353 Η
943 4283 977 4339 11
997 4281 1139 4338 sterelitas
1157 4286 1178 4335 S
1199 4283 1214 4357 Η
