3252 5204
761 547 1044 591 -xvm-.

329 719 360 763 u.
374 701 443 766 147.
466 715 578 763 uersus
596 697 834 763 contaminatus.
862 699 976 765 Auiani
999 720 1029 763 u.
1043 703 1114 768 384.
1131 703 1320 768 388-39u
1349 697 1428 764 Ger-

328 817 443 882 manici
458 836 489 880 ιι.
505 820 574 883 149.
592 820 771 885 roe-mu
782 821 960 887 241-266.
973 822 1045 887 268.
1058 822 1236 887 nto—285.
1250 823 1428 886 387—393.

329 939 506 1003 315-320.
519 937 697 1003 nse-299.
710 939 887 1004 301-314.
900 940 1077 1005 321-332.
1093 942 1165 1006 341.
1191 937 1430 1005 4010010749,

329 1054 434 1120 Germ.
451 1059 524 1123 342.
553 1053 667 1119 Auien.
686 1058 757 1121 747.
771 1060 841 1125 748.
856 1061 926 1125 750.
957 1057 1062 1122 Germ.
1086 1077 1117 1120 ιι.
1128 1061 1306 1126 333-340.
1325 1061 1428 1124 344-

329 1180 400 1244 386.
413 1179 591 1243 446-464.
616 1194 728 1240 uersus
740 1173 957 1259 interpolatus.
980 1180 1159 1245 465-472.
1182 1176 1246 1241 duo
1258 1195 1371 1241 uersus
1382 1174 1429 1238 in·
1473 1226 1478 1238 .
1598 1174 1599 1187 ¹

328 1294 484 1378 terpolati.
506 1298 685 1363 473-554.
705 1298 884 1364 obe-567.
901 1300 1079 1365 572-725.
1103 1294 1214 1378 fragm.
1230 1297 1258 1358 ll
1274 1315 1304 1358 u.
1316 1298 1428 1361 1-12,

331 1417 473 1482 lli-28.
500 1411 858 1494 1000001040-55.
888 1414 1002 1478 Auiani
1020 1413 1216 1498 Prognostic.
1239 1416 1427 1481 415-436.

252 1526 254 1531 ’
328 1537 401 1600 443.
413 1537 486 1600 444.
497 1536 570 1600 447.
583 1535 655 1630 544.
666 1533 819 1600 551552.
844 1539 1003 1614 postremo
1019 1551 1132 1598 uersus
1147 1532 1340 1598 christianus
1355 1532 1428 1596 cale

320 1651 429 1738 fidens
450 1689 485 1722 aa
508 1651 630 1717 01000100
654 1652 774 1718 Christi
798 1654 927 1718 uestitus
954 1677 1066 1718 amore.
1103 1651 1256 1717 asterisco
1283 1670 1427 1717 rasuram

333 1769 530 1852 singularum
552 1770 726 1835 litterarum
748 1771 865 1834 notaui.
1100 1754 1123 1776 ⁴

286 1915 308 1981 9
414 1894 444 1957 b.
478 1888 575 1955 codem
597 1890 776 1973 herdensis,
800 1889 874 1953 clim
897 1890 1061 1973 Susianae,
1083 1889 1229 1972 signatus
1250 1888 1427 1955 Vossianus

329 2008 460 2073 Latinus
485 2007 523 2086 Q.
546 2013 595 2076 79.
624 2008 658 2072 10
685 1992 832 2091 eatalbgo
859 2008 1011 2074 librorum
1038 2007 1251 2075 bibliothecae
1279 2007 1427 2092 publicae

329 2127 544 2194 uniuersitatis
566 2127 839 2208 Lugd-Batauae
867 2148 950 2192 anno
975 2133 1056 2195 1713
1083 2126 1231 2209 Lugduni
1258 2127 1345 2211 apud
1366 2128 1427 2192 Ba·

328 2252 420 2312 taucs
443 2246 529 2312 edito
551 2267 581 2329 p.
594 2250 656 2314 383
680 2245 772 2310 cola
793 2245 837 2310 ita
859 2245 1061 2312 describitur:
1084 2242 1226 2325 ‘Aratea
1250 2266 1321 2311 cum
1348 2246 1426 2328 figu-

329 2367 373 2431 ris
394 2365 622 2449 pulcherrimis,
646 2369 677 2431 et
698 2365 892 2445 illuminatis,
914 2367 1099 2450 majusculis
1117 2366 1239 2431 litteris.
1263 2366 1347 2432 Olim
1361 2366 1424 2431 Iac.

328 2483 421 2567 Susii,
445 2484 500 2568 qui
515 2485 590 2549 emit
606 2484 753 2550 (laudavi
769 2507 959 2564 cmmrxxnr,
982 2505 1090 2551 mense
1105 2485 1232 2549 Ianuar.
1254 2483 1332 2550 Post
1347 2484 1426 2565 figu-

328 2623 382 2668 ras
403 2609 451 2669 est
472 2623 612 2683 carmen,
640 2604 807 2688 incipiens,
830 2603 1046 2671 SIGNORVM
1067 2603 1229 2671 PARTES
1251 2600 1427 2681 Qucuvu

329 2723 569 2790 PRAEDICTA
590 2724 756 2790 FIGVRA.
778 2727 870 2805 Finit,
893 2724 984 2792 Vale.
1005 2726 1125 2791 Fidens
1138 2725 1171 2789 10
1185 2723 1323 2791 Domino
1339 2721 1426 2786 chri-

329 2840 369 2906 sti
390 2841 520 2907 vestitus
542 2861 659 2907 amore.
691 2845 726 2906 10
742 2847 874 2911 membr.
889 2840 1122 2912 vetustissima.>
1147 2844 1268 2911 scholia
1285 2864 1350 2908 non
1371 2842 1425 2907 ha-

326 2962 390 3041 bet,
414 2961 463 3028 bis
485 2968 591 3027 00100
612 2962 744 3045 praebet
758 2982 883 3030 carmen
898 2970 931 3031 et
944 2966 1122 3045 uncialibus
1142 2966 1254 3030 litteris
1276 2962 1425 3046 scriptum

328 3087 359 3146 st
380 3080 631 3164 monachalibus,
655 3086 689 3144 ut
709 3081 754 3145 ait
768 3083 896 3148 Grotius
912 3085 1077 3166 Syntagm.
1096 3085 1182 3148 Arat.
1206 3103 1279 3165 pag.
1295 3086 1315 3148 2
1337 3085 1426 3145 nota·

328 3222 406 3279 rum,
430 3220 523 3283 quem
538 3218 576 3264 eo
591 3218 682 3264 usum
699 3218 770 3264 esse
786 3207 917 3265 constat.
941 3201 994 3282 qui
1012 3200 1115 3264 codex
1129 3205 1164 3263 ut
1177 3200 1255 3264 mihi
1268 3199 1426 3279 Lugduno

327 3320 521 3384 Batauorum
543 3317 576 3382 10
598 3317 680 3382 1000
704 3318 814 3383 urbem
841 3319 1014 3385 mitteretur
1037 3319 1230 3399 suffragante
1251 3314 1424 3381 ministerio

328 3438 417 3521 regio
439 3443 545 3503 tamen
566 3456 631 3500 000
652 3435 830 3519 impetraui.
859 3459 930 3504 cum
952 3458 1028 3504 uero
1053 3438 1094 3502 ab
1117 3435 1251 3523 0001110,
1279 3436 1334 3517 qui
1357 3435 1425 3519 qui·

329 3556 401 3622 dem
424 3577 494 3623 eum
516 3577 581 3622 000
601 3557 729 3636 uiderit,
753 3557 994 3640 antiquissimus
1014 3556 1231 3643 praedicetur,
1254 3576 1275 3621 a
1296 3555 1423 3620 Kiehlic

327 3676 361 3740 in
384 3682 524 3741 extrema
552 3675 689 3759 epistula
716 3677 825 3743 critim
855 3676 1117 3764 [Mnemosyn.H
1142 3673 1422 3762 ramulenses]

326 3795 475 3860 minimae
497 3795 692 3860 auctoritatis
715 3797 815 3862 codex
837 3797 1028 3874 nominatur,
1057 3796 1138 3862 haec
1159 3792 1317 3860 adiciente
1335 3789 1424 3860 ‘dum
1476 3828 1477 3835 ι

328 3913 410 3981 enim
434 3914 539 3979 omnia
563 3912 594 4000 [i.
611 3935 639 3980 e.
657 3915 804 3980 carminis
826 3915 1004 3981 uncialibus
1026 3916 1139 3982 litteris
1162 3914 1281 4002 scripti]
1305 3913 1424 3980 saeculi

328 4033 454 4117 septimi
475 4035 597 4099 sextiue
618 4034 788 4115 imaginem
811 4035 994 4101 fidelissime
1015 4036 1165 4113 referant,
1189 4054 1321 4117 quorum
1343 4033 1423 4098 litte-

327 4171 384 4218 rae
405 4152 548 4217 unciales
569 4152 693 4218 scribae
721 4161 829 4218 essent
854 4154 1052 4233 notissimae,
1079 4175 1145 4220 una
1171 4152 1337 4238 planetarii
1359 4152 1423 4217 effi-

328 4271 397 4353 gies
419 4270 541 4352 aliquot
561 4271 658 4337 habet
680 4271 891 4354 minusculas,
918 4295 937 4341 e
965 4274 1078 4355 quibus
1101 4272 1232 4338 Geelius
1258 4271 1423 4356 protractis

327 4409 391 4457 uua
413 4397 444 4457 et
463 4392 566 4458 altera
587 4390 710 4458 formae
732 4400 807 4462 ante
829 4415 947 4462 nonum
969 4394 1130 4461 saeculum
1156 4391 1337 4475 incognitae
1357 4411 1423 4457 ma-
