3252 5204
586 500 630 513 -·
672 476 752 529 XXX}
794 494 836 512 -·

162 639 307 723 quamuis
330 635 497 718 aliquoties
519 637 681 719 pueriliter
702 634 884 721 peccauerit
902 632 954 721 [ef.
972 633 1079 703 Orelli.
1096 628 1138 699 ad
1152 653 1184 698 u.
1200 636 1263 702 508

112 799 118 807 -
161 762 224 827 523
244 764 306 826 638
328 756 365 820 tr.
386 754 478 840 IIII]‚
513 752 672 835 quaedam
704 755 812 820 ulcero
845 753 978 819 feliciter
1003 753 1139 819 sanant.
1174 754 1264 818 euius

161 877 243 942 libro
266 876 434 958 Ooburgae
457 893 541 938 auno
568 878 649 941 1715
672 872 758 937 edito
781 893 851 938 eum
874 891 1031 956 carerem,
1061 890 1119 937 aas
1139 873 1264 937 coniec-

161 1001 248 1060 turas
270 992 537 1070 Schwartnianas‚
567 1011 650 1072 quae
672 989 750 1055 haut
772 990 970 1074 spernendae
991 989 1195 1070 uidebantur,
1223 1010 1264 1057 ex

163 1112 275 1178 Orellii
296 1111 553 1177 adnotationibus
576 1113 718 1193 sumptas
740 1110 860 1175 addidi.
896 1112 929 1175 in
950 1111 1035 1176 iusta
1055 1116 1163 1177 autem
1184 1109 1264 1176 obli-

162 1231 257 1296 uione
271 1231 378 1296 iacent
393 1229 548 1295 editiones
563 1228 671 1294 Buhlii
694 1234 725 1295 et
739 1229 885 1295 Holmoe.
907 1250 972 1295 nec·
987 1229 1133 1312 quaesiui
1147 1229 1280 1319 librumx

164 1348 416 1428 Schmidianum,
446 1349 534 1414 euius
562 1348 717 1415 memoria
744 1370 828 1416 nunc
855 1350 1021 1434 septimum
1044 1349 1109 1414 iam
1130 1349 1263 1415 lustrum

162 1467 317 1533 abolescit
339 1468 389 1547 [ef.
413 1467 522 1534 Orelli.
544 1488 576 1551 p.
596 1467 679 1556 150].
723 1468 862 1535 Orellius
884 1489 961 1534 uero
984 1468 1100 1552 optime
1123 1466 1163 1533 dc
1184 1466 1263 1534 Ger-

160 1587 285 1651 manico
307 1588 437 1653 meritus
459 1594 516 1667 est
540 1588 658 1671 quippe
686 1588 741 1670 qui
762 1588 883 1672 primus
904 1593 977 1672 post
998 1587 1142 1652 Grotium
1164 1587 1263 1654 libros

106 1797 112 1812 .
160 1728 256 1772 manu
278 1707 412 1791 scriptos
432 1706 626 1813 repetiuefit.
649 1705 677 1772 is
700 1707 728 1772 si
742 1707 921 1773 Basileensi
942 1707 1048 1791 magis
1067 1706 1262 1787 indulsisset,

160 1824 238 1890 haut
263 1831 331 1890 erat
357 1845 435 1891 sane
465 1824 551 1907 quod
575 1825 743 1908 quisquam
769 1847 837 1891 rem
859 1827 901 1891 ab
929 1847 969 1892 eo
990 1825 1099 1910 perriei
1120 1847 1185 1892 non
1206 1847 1262 1911 po-

160 1944 260 2011 tuisse
282 1945 433 2011 erederet.
467 1944 601 2010 huiusce
628 1951 736 2012 autem
761 1945 862 2010 libelli
884 1965 998 2012 suasor
1019 1952 1114 2029 atque
1136 1946 1265 2039 adiutor*

160 2064 237 2128 mihi
268 2071 337 2131 erat
364 2065 553 2130 Martinus
580 2066 710 2149 Hertz,
728 2071 929 2150 praeceptor
954 2084 1043 2132 meus
1069 2066 1261 2134 carissimus.

159 2203 231 2248 nam
259 2185 308 2249 uir
335 2185 390 2249 ille
411 2183 659 2249 humanissimus
681 2183 796 2249 studiis
817 2184 897 2250 meis
919 2184 952 2248 in
974 2185 1164 2252 Germanico
1186 2206 1261 2253 eou-

158 2302 304 2369 loeandis
329 2304 410 2369 adeo
432 2302 526 2382 fauit,
555 2308 590 2367 ut
611 2309 711 2368 totum
732 2303 972 2368 instrumentum
993 2303 1148 2390 criticum,
1175 2306 1261 2388 quod

161 2422 236 2486 olim
258 2422 460 2488 Gemaniam
483 2421 620 2487 Galliam
643 2423 768 2487 Italiam
792 2442 968 2508 peragrans
997 2424 1196 2508 conlegerat,
1226 2425 1261 2489 li·

159 2541 355 2607 beralissime
375 2560 498 2605 meeum
521 2541 778 2607 communicaret.
821 2547 992 2627 practerea
1009 2561 1107 2626 saepe
1128 2563 1261 2608 numero

159 2679 211 2724 me
240 2660 373 2724 consilio
405 2665 437 2724 et
469 2678 503 2723 re
536 2659 684 2724 iuuerunt
716 2660 936 2727 loachimus
969 2660 1195 2743 Marquardt
1228 2667 1260 2728 et

161 2777 405 2840 Hermannus
426 2774 551 2841 Peter.
579 2777 702 2843 laboris
730 2784 980 2864 autempartem
1002 2780 1131 2847 minime
1152 2781 1259 2847 iucun-

161 2891 236 2956 dum
262 2892 375 2958 lubens
402 2894 541 2978 suscepit
568 2894 796 2963 Theodorus
824 2897 936 2965 Pldss
955 2900 1062 2966 indice
1083 2900 1117 2964 in
1138 2900 1261 2966 scholia

159 3010 366 3077 conficiendo.

607 3194 804 3207 *uu—.-

242 3348 325 3412 Dum
354 3346 436 3414 liber
458 3348 640 3430 excuditur,
662 3351 828 3420 Adolfus
851 3344 1050 3444 Kiessling
1071 3364 1159 3425 tanta
1180 3377 1259 3442 erga
1391 3348 1398 3358 ’

156 3484 207 3531 me
229 3464 287 3531 fuit
309 3466 507 3566 liberalitate,
530 3475 564 3534 ut
579 3469 727 3539 editionis
743 3481 871 3540 nostrae
885 3476 1034 3560 plagulas
1057 3497 1165 3543 rursus
1186 3497 1257 3542 oum

60 3603 66 3608 ·
155 3584 335 3650 Basiloensi
348 3588 593 3653 'accuratissime
615 3588 783 3657 conferret.
806 3614 870 3676 quo
890 3595 1006 3659 factum
1030 3600 1094 3680 est,
1116 3601 1151 3659 ut
1172 3614 1257 3677 quae

113 3777 117 3783 ,
155 3702 188 3766 in
220 3703 478 3770 adnotationibus
511 3711 566 3771 aut
598 3707 717 3773 omissa
747 3715 803 3775 aut
837 3731 901 3775 non
933 3719 1019 3779 reete
1049 3714 1151 3780 relata
1184 3719 1257 3780 sunt

154 3817 216 3887 hoc
242 3821 312 3887 loeo
341 3828 373 3889 et
399 3822 521 3890 addere
544 3832 575 3891 et
596 3828 755 3912 corrigere
777 3848 914 3911 possem.
937 3838 1010 3896 suut
1031 3837 1136 3898 autem
1158 3833 1254 3901 haee:

155 3973 274 4042 Phaen.
297 3981 318 4045 2
340 3984 375 4042 tri
402 3982 421 4046 9
444 3984 473 4045 td
503 3926 1006 4064 9OEL15ENSSEQVITVR
1032 3991 1072 4055 97
1095 3990 1254 4054 materiis·

155 4120 213 4180 que
238 4101 296 4164 107
320 4100 381 4162 telo
404 4100 576 4182 etuferebee
598 4119 628 4163 u.
647 4105 708 4169 143
730 4108 803 4185 post
818 4124 848 4167 u·
867 4108 928 4172 134
949 4104 994 4169 ita
1016 4105 1146 4187 legitur:
1169 4108 1253 4191 quis-

157 4218 228 4299 quis
248 4219 359 4301 priora
382 4231 461 4282 terret
476 4221 611 4303 orestr'yr'e
627 4200 764 4306 quiaque
779 4222 927 4308 eeeuodc,
944 4244 1000 4288 suo
1017 4223 1088 4288 loco
1104 4223 1164 4286 ita:
1187 4225 1254 4307 qui·

156 4358 216 4418 que
231 4337 327 4420 prior
349 4349 426 4401 terret
448 4340 583 4422 aestiuis
605 4342 691 4425 quo'q.
714 4342 851 4407 rectruda
880 4347 939 4409 148
962 4343 1106 4429 acceptoris
1127 4345 1158 4404 et
1179 4345 1255 4406 ante
