3254 5202
765 509 975 576 ..35¹-

319 683 386 749 lion
399 683 485 749 misit
498 681 559 746 uiri
573 681 700 759 fiebant,
721 684 799 761 quot
812 680 936 765 Pyrrha
950 678 1097 744 feminae.
1124 699 1188 762 quo
1203 686 1297 763 paeto
1312 699 1422 745 musas

321 790 482 856 bominum
509 782 614 873 genus
641 809 712 856 esse
739 795 858 874 natum,
889 810 929 854 ex
957 808 1019 871 quo
1048 808 1163 873 macca
1184 788 1258 854 lace
1278 789 1422 855 homines

321 905 520 965 uocarentur.
564 901 605 966 ab
640 899 778 980 antiquis
808 898 937 980 quidem
967 898 1030 963 diei
1058 900 1238 965 Aristaeum
1266 896 1423 981 Apollinis

322 1009 429 1075 filium
462 1029 560 1090 quare
581 1008 780 1074 nobilitatem
801 1007 978 1092 possidere,
1006 1027 1100 1091 quem
1121 1007 1238 1093 Apollo
1261 1005 1360 1070 fertur
1381 1026 1422 1072 ex

299 1119 449 1204 sCyrene
469 1136 673 1201 procreasse,
697 1138 792 1201 quam
815 1118 992 1202 conpressit
1011 1118 1045 1182 in
1067 1123 1174 1184 monte
1198 1116 1340 1201 Orpheo,
1368 1116 1423 1198 qui

324 1226 459 1312 Cyrenis
480 1227 669 1311 appellatur.
691 1229 856 1293 Aristaeus
871 1227 984 1293 dicitur
1000 1226 1146 1291 omnibus
1161 1225 1265 1292 modis
1287 1226 1424 1292 artibus-

325 1356 388 1421 que
410 1335 525 1401 adfinis
547 1336 657 1416 fuisse,
681 1319 796 1419 quibus
817 1337 936 1407 artibus
952 1342 1075 1403 ceteros
1096 1335 1242 1401 homines
1263 1334 1308 1401 ad
1322 1336 1423 1401 bonas

323 1446 431 1531 fruges
445 1446 676 1527 utilitatemque
691 1445 896 1529 perducebat.
919 1448 1009 1530 isque
1025 1467 1095 1511 oum
1110 1441 1276 1511 caniculae
1299 1445 1422 1530 signum

324 1554 509 1641 pestiferum
532 1555 666 1620 oriretur
688 1560 720 1621 et
742 1555 1054 1649 statimpraesentes
1075 1556 1194 1620 fructus
1208 1554 1425 1621 lacerarentur

288 1697 312 1735 ιο
323 1665 609 1746 interciderentque
630 1664 775 1731 homines
802 1672 857 1729 aut
880 1665 1035 1732 diuturnis
1056 1663 1176 1730 morbis
1197 1668 1253 1728 aut
1273 1663 1424 1748 pestilen-

323 1777 383 1854 tia,
406 1795 456 1841 res
478 1775 605 1839 diuinas
626 1776 765 1842 manime
787 1775 858 1842 Ioui
880 1776 1006 1859 parenti
1026 1777 1173 1858 Neptuno
1196 1772 1268 1837 aliis
1289 1779 1424 1857 tempes-

324 1885 442 1952 tatibus
466 1891 497 1951 et
517 1884 621 1950 uentis
644 1905 767 1950 summa
790 1884 956 1966 diligentia
977 1903 1114 1968 precans
1135 1881 1282 1960 faciebat,
1304 1899 1346 1945 ne
1367 1901 1425 1965 pa-

239 2082 241 2086 *
324 2000 463 2060 terantur
478 2013 580 2076 genus
595 1992 757 2059 hominum
773 1995 912 2079 indiguis
928 1992 1162 2060 calamitatibus
1177 1990 1283 2057 adfici.
1306 1990 1424 2056 facturn

326 2109 384 2187 est,
407 2110 441 2166 ut
455 2104 496 2168 ab
515 2102 565 2167 bis
586 2103 738 2186 inpetrari
760 2105 869 2188 possit.
893 2103 1001 2185 itaque
1015 2101 1111 2168 uenia
1125 2101 1202 2165 data
1223 2101 1425 2169 constitutum

289 2218 375 2282 rsest
403 2213 444 2277 ab
475 2212 718 2291 immortalibus,
751 2213 796 2278 uti
826 2217 900 2296 post
935 2211 1097 2278 caniculae
1124 2216 1251 2276 exortus
1279 2209 1422 2298 [stellae]

325 2321 412 2386 uenti
433 2320 601 2405 perflarent
623 2321 746 2388 circiter
769 2321 838 2387 dies
860 2345 893 2387 x1
916 2322 1047 2405 eiusque
1069 2320 1269 2406 pestilentiae
1283 2319 1348 2385 uim
1369 2322 1426 2387 ab·

325 2428 491 2497 sciderent.
543 2438 736 2516 quapropter
764 2429 929 2497 Aristaeus
962 2429 1076 2495 dicitur
1107 2451 1128 2496 a
1161 2430 1224 2497 diis
1255 2429 1424 2515 splendido

325 2541 406 2610 loco.
419 2540 569 2622 dignatus
591 2561 671 2606 esse.
702 2540 887 2623 aquarius
915 2540 1012 2606 habet
1032 2540 1143 2607 stellas
1164 2541 1198 2604 in
1219 2542 1322 2625 capite
1345 2541 1426 2606 duas

326 2651 492 2735 obscuras,
520 2650 553 2714 in
580 2652 698 2717 umeris
726 2650 871 2749 singulas
897 2658 1047 2732 utrasque
1075 2649 1213 2734 amplas,
1243 2655 1277 2717 ia
1299 2650 1425 2717 sinistro

287 2760 430 2827 accubito
458 2780 553 2827 unam
571 2759 712 2840 ‘claram
737 2765 771 2826 c'n
797 2760 910 2827 dextro
938 2760 1043 2827 cubito
1066 2783 1078 2822 1
1105 2765 1137 2824 et
1161 2759 1194 2823 in
1221 2781 1318 2827 manu
1337 2783 1362 2843 1,
1392 2760 1426 2825 in

324 2869 469 2934 mammis
489 2871 641 2953 singulas,
664 2873 699 2935 c'a'
721 2871 832 2935 dextro
856 2869 1018 2936 oscetin
1040 2868 1174 2952 pedibus
1197 2871 1340 2956 singulas
1361 2868 1426 2934 cla·

327 3043 342 3098 1
361 3040 437 3112 quod
455 3044 501 3093 ΔΡ
520 3037 534 3110 Η
554 3042 623 3109 quot
639 3044 736 3107 scripsi
757 3038 770 3111 Η
795 3056 876 3111 pyrra
894 3046 916 3094 P
939 3040 1077 3113 litamine
1096 3045 1118 3093 P
1140 3041 1153 3111 Η
1178 3057 1284 3096 rursum
1302 3046 1325 3093 P
1342 3038 1356 3111 Η
1375 3041 1392 3095 2
1411 3044 1426 3092 a

327 3132 453 3183 senatum
465 3135 490 3182 Α
510 3126 524 3199 Η
544 3129 589 3180 est
606 3114 700 3180 natum
718 3132 740 3180 P
757 3126 770 3198 Η
791 3144 873 3197 grece
893 3135 916 3182 Ρ
934 3129 946 3198 Η
966 3130 1029 3183 luoe
1042 3133 1066 3180 P
1083 3126 1096 3199 Η
1116 3130 1134 3183 3
1152 3129 1284 3183 aristeum
1296 3132 1318 3180 Α
1339 3126 1353 3200 Η
1373 3127 1425 3180 ari-

327 3215 470 3269 stheumP
484 3214 503 3282 Η
521 3214 637 3269 4lilium
656 3215 763 3285 aquarii
776 3218 915 3271 Bttcteler.
931 3215 943 3287 Η
963 3214 1110 3271 nobilitate
1122 3219 1168 3268 ΔΡ
1179 3218 1285 3270 comuni
1305 3214 1319 3285 Η
1337 3216 1426 3285 beyr-
1456 3208 1465 3221 ’

326 3317 394 3356 rena
413 3307 434 3353 Δ
457 3299 471 3371 Η
491 3315 641 3371 cyrreanea
659 3308 681 3356 Ρ
699 3301 712 3374 Η
732 3316 878 3373 procreare
896 3309 944 3357 ΔΡ
960 3302 975 3375 Η
996 3303 1162 3373 compressit
1179 3307 1202 3354 P
1220 3303 1233 3372 Η
1253 3305 1270 3358 6
1288 3303 1427 3356 aristheas

327 3393 349 3441 Δ
371 3387 383 3460 Η
403 3387 555 3443 Arintheus
574 3395 596 3441 Ρ
614 3390 628 3461 Η
648 3390 794 3457 homnibus
813 3394 837 3440 Ρ
853 3388 867 3460 Η
885 3392 902 3445 t
922 3391 1009 3444 ceteri
1021 3392 1146 3445 APcorr.
1164 3392 1277 3444 Vrbicus
1297 3387 1311 3460 Η
1330 3392 1347 3446 9
1364 3406 1426 3460 per-

327 3493 483 3548 stilernmA
497 3491 510 3564 Η
523 3498 701 3563 presentesP
714 3494 728 3564 Η
742 3495 776 3551 10
788 3468 922 3559 ἀίητξηιίε
931 3498 955 3545 Ρ
966 3491 980 3564 Η
993 3492 1116 3549 moribus
1126 3498 1175 3547 ΔΡ
1187 3492 1200 3566 Η
1214 3494 1318 3548 morbis
1331 3499 1427 3562 scripsi

328 3579 348 3651 Η
357 3583 405 3634 cut
416 3579 580 3650 pestilentia
592 3583 631 3634 tto
643 3586 666 3634 P
676 3591 745 3634 teste
759 3598 771 3634 c
790 3578 804 3650 Η
823 3581 856 3635 11
869 3580 911 3634 rei
923 3579 1016 3634 diuina
1029 3585 1076 3633 ΑΡ
1087 3580 1102 3653 Η
1115 3598 1160 3636 res
1174 3581 1283 3635 diuinas
1295 3585 1392 3649 scripsi
1412 3578 1426 3654 Η

327 3667 399 3722 inuis
417 3670 559 3737 parentem
577 3672 623 3720 ΑΡ
641 3667 655 3739 Η
674 3669 737 3723 Ioui
753 3668 862 3739 parenti
879 3672 975 3735 scripsi
995 3665 1008 3739 Η
1033 3669 1067 3723 12
1085 3683 1221 3738 praecans
1239 3667 1352 3723 tacebat
1368 3672 1390 3721 A
1413 3664 1425 3738 Η

327 3757 492 3826 pausatura
514 3753 527 3824 Η
547 3756 582 3810 14
598 3757 633 3809 ab
651 3757 686 3811 iis
700 3760 722 3809 A
736 3766 805 3809 teste
818 3759 916 3809 Kissal.
937 3754 951 3827 Η
970 3754 1090 3828 inperari
1102 3758 1126 3807 A
1148 3755 1160 3826 Η
1181 3757 1249 3824 putori
1269 3757 1349 3808 aerbo
1368 3755 1425 3810 fao·

326 3846 384 3896 tum
396 3862 428 3880 ό
439 3842 532 3911 possit
548 3847 576 3896 io
594 3848 632 3912 fr.
645 3848 737 3912 Nipid.
748 3863 779 3920 p.
792 3853 824 3896 41
845 3847 1010 3910 ecciderunt,
1029 3846 1083 3894 tam
1100 3845 1195 3894 dudum
1212 3846 1326 3895 estimem
1343 3859 1426 3895 mcum

327 3933 405 3982 csatt
418 3928 433 3999 Η
446 3931 626 3984 constitutum
639 3932 668 3984 et
681 3931 716 3983 ab
726 3934 771 3982 ΑΡ
784 3929 797 4002 Η
811 3931 844 3985 15
856 3929 1047 3984 inmortalibus
1060 3933 1083 3980 P
1094 3926 1108 3999 Η
1119 3945 1140 3999 -p
1154 3932 1201 3980 ΑΡ
1213 3927 1226 3998 Η
1240 3931 1307 3999 post
1316 3930 1425 3983 Ructat.

328 4015 342 4089 Η
361 4021 485 4071 exortum
504 4022 572 4071 idem
592 4016 606 4088 Η
626 4016 725 4071 stellae
746 4021 831 4068 deleat
845 4027 952 4069 auctore
965 4017 1105 4069 Btlrbcler.
1126 4015 1141 4086 Η
1160 4016 1194 4070 17
1213 4016 1351 4070 aristheas
1370 4020 1393 4068 P
1409 4013 1423 4088 Η

327 4107 375 4162 alii
388 4111 433 4161 ΑΡ
446 4107 458 4179 Η
474 4124 490 4160 a
502 4107 556 4159 diis
569 4109 665 4172 sonat
683 4104 698 4174 Η
719 4103 865 4176 splendide
879 4102 975 4156 &loco
985 4105 1036 4159 ,ΑΡ
1053 4100 1066 4172 Η
1086 4098 1234 4174 splendido
1252 4103 1316 4158 loco
1328 4108 1426 4173 scripsi

329 4196 342 4267 Η
357 4194 521 4268 splendidae
535 4192 634 4247 stellae
647 4192 710 4247 loco
723 4192 861 4244 Btctcter.
884 4189 898 4260 Η
918 4192 951 4246 19
963 4191 1115 4260 singulisA
1136 4188 1149 4262 Η
1168 4192 1205 4248 20
1216 4207 1271 4245 una
1284 4192 1359 4246 clara
1371 4195 1393 4244 A
1410 4191 1424 4263 Η
1536 4189 1544 4201 ’

326 4285 355 4338 in
374 4285 415 4339 bic
427 4288 455 4336 ic
467 4286 541 4350 infra
555 4283 647 4333 addidi
666 4278 680 4351 Η
700 4282 730 4333 et
747 4297 796 4332 om.
808 4283 832 4330 P
849 4277 862 4351 Η
881 4280 914 4334 21
928 4289 988 4348 post
1004 4294 1082 4334 crure
1094 4288 1192 4347 septem
1204 4283 1345 4333 stellarum
1358 4299 1425 4334 eart-

329 4375 441 4428 merceio
461 4371 590 4424 candace
607 4372 714 4423 uidetur
732 4367 746 4441 Η
1082 4364 1084 4369 '
