3254 5202
789 513 1002 582 -14-Ι

342 685 410 750 tuit.
454 686 522 751 uita
552 692 585 752 et
611 686 839 752 inmortalitate
866 684 999 750 donauit
1029 683 1174 766 eaelique
1203 684 1300 753 astris
1328 683 1443 757 intulit.

343 794 439 861 etiam
454 795 628 882 aegioohus
643 797 833 881 appellatur.
866 794 924 860 alii
939 795 1047 861 dieunt
1068 795 1258 880 agitatorem
1273 794 1443 879 Myrtilum,

342 905 489 970 Memmii
511 907 625 985 filium,
653 906 809 972 Oenomai
832 906 991 989 aurigam,
1019 929 1040 973 a
1066 914 1157 991 patre
1183 904 1278 970 astris
1298 905 1442 970 inlatum.

342 1012 441 1080 habet
469 1016 580 1082 stellas
602 1038 670 1081 vm.
715 1037 757 1081 ex
778 1016 835 1082 eis
849 1036 932 1100 quae
956 1038 1073 1102 eapra
1095 1015 1209 1082 dieitur
1230 1014 1324 1082 stella
1345 1037 1365 1079 1.
1408 1013 1443 1079 in

317 1123 469 1191 asinistro
496 1146 581 1212 genu
608 1126 677 1191 eius
706 1128 804 1193 olara.
856 1128 910 1210 qui
937 1128 1053 1195 haedi
1079 1127 1226 1194 dicuntur
1252 1121 1289 1186 in
1314 1122 1444 1189 sinistra

341 1254 439 1301 manu
462 1236 531 1302 eius
554 1236 635 1302 sitae
657 1236 773 1302 stellae
793 1242 866 1302 sunt
887 1237 981 1303 duae.
1019 1239 1194 1324 agitator
1215 1233 1324 1301 stellas
1347 1231 1444 1300 habet

341 1366 370 1428 v,
394 1364 514 1429 oapra
528 1369 549 1425 1,
573 1345 691 1411 haedi
705 1369 739 1411 11.
763 1345 841 1411 fiunt
863 1347 978 1414 stellae
1002 1370 1067 1413 v111.
1092 1346 1190 1413 habet
1204 1344 1314 1412 stellas
1335 1342 1371 1408 in
1391 1361 1443 1409 oa-

340 1452 405 1537 pite
420 1477 441 1537 1,
457 1455 491 1520 in
506 1455 640 1542 singulis
656 1457 775 1523 umeris
790 1456 944 1538 singulas.
969 1457 1095 1523 sinister
1117 1456 1234 1523 elarior
1256 1454 1311 1537 qui
1332 1453 1443 1538 appel·

1606 1206 1620 1317 1

339 1564 424 1629 latur
446 1585 571 1650 eapra.
607 1565 641 1631 in
662 1567 796 1653 singulis
809 1566 954 1649 genibus
976 1550 1130 1652 singulas.
1163 1566 1199 1631 in
1212 1587 1311 1633 manu
1332 1567 1444 1633 ultima
1525 1640 1531 1653 x
1619 1602 1620 1611 κ

303 1697 374 1739 rou.
396 1674 473 1742 item
494 1676 528 1741 in
551 1676 680 1743 sinistra
695 1676 788 1742 duae.
822 1675 857 1740 hi
879 1684 1035 1743 uocantur
1056 1677 1163 1743 haedi.
1197 1697 1321 1743 summa
1341 1699 1421 1741 vnn.

424 1786 566 1873 Aurigae
588 1786 754 1875 pedibus}

323 1914 327 1923 ·
425 1897 517 1962 Hune
538 1896 689 1983 Iuppiter·
701 1900 850 1983 Neptuno
879 1897 971 1964 fratri
998 1918 1067 1983 per·
1082 1895 1222 1982 gratiam
1249 1895 1364 1963 dieitur
1385 1896 1444 1964 ab·

340 2006 479 2072 duxisse.
525 2008 579 2090 qui
611 2008 747 2093 liguram
780 2009 897 2090 tauri,
931 2029 1060 2075 sensum
1093 2007 1267 2073 humanum
1299 2006 1442 2072 haberet.

341 2137 434 2199 quem
455 2116 542 2182 Iouis
565 2118 717 2184 Sidonem
739 2118 833 2196 misit,
856 2124 891 2182 ut
912 2118 1076 2201 Europam
1098 2117 1256 2203 Agenoris
1277 2115 1377 2183 filiam
1399 2115 1443 2183 ad

303 2251 327 2291 n
339 2246 375 2294 se
396 2231 547 2313 portaret.
584 2226 613 2292 is
627 2247 685 2311 per
707 2229 843 2312 pelagus
858 2225 1025 2293 Sidoniam
1046 2228 1135 2293 uenit
1156 2227 1264 2310 ibique
1279 2227 1443 2311 Europam

337 2337 420 2403 inter
440 2336 595 2421 aequales
617 2356 694 2404 suas
716 2337 880 2404 ludentem
901 2337 935 2403 in
949 2338 1068 2422 templo
1083 2322 1257 2420 Aesoulapi
1279 2334 1444 2419 eonspexit

339 2466 475 2529 eamque
496 2448 662 2530 repentino
682 2448 818 2531 abrepto
840 2447 874 2512 in
896 2430 991 2515 dorso
1007 2447 1209 2513 oonlooatam
1230 2466 1289 2512 suo
1313 2443 1442 2512 deuexit

338 2555 383 2622 ad
402 2558 512 2622 Iouem
534 2557 568 2622 in
588 2558 728 2625 insulam
751 2557 888 2624 Cretam.
934 2556 975 2622 ob
997 2557 1081 2623 hano
1102 2555 1199 2642 igitur
1213 2573 1353 2621 *oausam
1367 2555 1440 2639 Iup·

338 2667 420 2753 piter
440 2667 600 2734 sideribus
626 2673 752 2734 taurum
782 2666 932 2752 dignatos
960 2674 1008 2735 est
1032 2665 1257 2748 inmortalique
1287 2663 1442 2735 memoria

300 2800 327 2839 a
339 2776 467 2845 adfeeit
500 2777 581 2844 haee
602 2777 762 2859 Nigidius.
798 2776 1027 2869 Eratosthenes
1041 2775 1118 2842 dieit
1132 2777 1249 2842 bouem
1264 2792 1335 2840 esse
1358 2792 1442 2855 quae

337 2886 466 2970 suillo,
494 2886 584 2952 ouius
613 2886 737 2973 priores
765 2894 870 2972 partes
897 2896 1026 2974 parent,
1055 2886 1214 2969 reliquum
1237 2903 1353 2968 eorpus
1374 2902 1441 2950 non

337 2996 481 3082 adparet.
526 3002 652 3082 speetat
678 3004 786 3064 autem
814 2999 968 3069 orientem
991 3000 1031 3065 ob
1053 2997 1087 3063 id
1109 2999 1151 3064 ab
1173 2999 1250 3063 Ioue
1272 2998 1439 3062 honorata.

338 3215 353 3268 1
371 3213 448 3267 uitae
466 3213 551 3268 etiem
569 3212 740 3268 mortalitate
758 3214 806 3266 ΔΡ
829 3211 842 3285 11
866 3213 926 3267 uita
944 3217 974 3267 et
991 3212 1190 3268 inmortalitate
1208 3217 1305 3281 euripos·
1333 3211 1347 3284 11
1375 3226 1439 3267 oae-

337 3299 420 3370 loqne
434 3304 480 3352 AP
498 3297 512 3372 11
532 3299 659 3371 caelique
677 3303 775 3368 scripsi
794 3297 809 3371 11
830 3300 965 3370 caeloque
984 3302 1014 3354 et
1032 3317 1044 3353 ε
1064 3298 1078 3371 11
1098 3301 1116 3355 2
1133 3304 1156 3353 ta
1175 3301 1269 3356 eiusA
1290 3300 1303 3373 11
1323 3300 1439 3357 aioohns

337 3424 383 3473 ΔΡ
400 3418 413 3492 11
434 3421 592 3493 apellaturii
605 3420 702 3475 dieunt
713 3426 737 3475 Α
758 3418 772 3493 11
792 3397 939 3491 αραΙΙαῖᾷτί
956 3417 1053 3475 idfitP
1071 3417 1085 3491 11
1106 3410 1268 3500 119ῂεί111111.
1281 3423 1329 3481 alii
1342 3423 1440 3479 dieunt

215 3546 221 3551 -
337 3513 433 3577 scripsi
453 3507 467 3582 11
487 3509 645 3583 appellatur
662 3509 692 3564 id
710 3512 791 3564 notat
808 3508 973 3578 agitatorem
987 3510 1047 3570 (lor.
1059 3511 1138 3574 atqu.)
1153 3527 1165 3562 ε
1185 3506 1199 3579 11
1217 3511 1235 3566 3
1254 3512 1379 3567 oenomai
1392 3517 1440 3565 ΔΡ

338 3594 1436 3720 Mmmoemmmwmffimwmmmqu

335 3734 532 3793 8humerisP
562 3736 575 3810 11
607 3741 744 3810 teoprae
763 3743 810 3791 ΑΡ
841 3735 854 3808 11
886 3735 1009 3805 singulas
1028 3735 1229 3790 nanultiman
1262 3735 1277 3809 11
1307 3728 1365 3813 Ite}
1383 3745 1405 3792 P
1423 3738 1437 3811 11

337 3822 369 3876 11
389 3824 552 3890 praecedant
568 3830 656 3884 Gerar,
670 3846 694 3880 a.
707 3833 845 3880 174-183
864 3822 878 3895 11
899 3824 933 3879 12
949 3823 1008 3876 Cot.
1024 3824 1440 3890 xrvny9.1².a.1121111ao

339 3909 353 3981 11
367 3908 450 3965 Hunc
468 3915 486 3963 i.
500 3930 523 3964 e.
538 3922 643 3967 tomam
659 3912 673 3986 11
693 3917 780 3968 trater
791 3917 837 3965 ΔΡ
855 3909 867 3983 11
890 3910 1042 3965 obduxisse
1055 3911 1103 3959 ΔΡ
1114 3907 1128 3979 11
1148 3909 1300 3966 abduxisse
1312 3919 1409 3980 scripsi
1423 3915 1437 3984 11

337 3997 371 4052 14
389 3997 522 4067 sydonem
541 4005 563 4051 P
582 3998 596 4072 11
617 4002 651 4057 15
669 3992 850 4056 sidoneam'n
872 3997 885 4070 11
906 3997 1050 4068 sydoniam
1068 4000 1091 4047 P
1110 3994 1123 4067 11
1144 3997 1178 4051 16
1197 4013 1264 4051 suos
1284 4004 1307 4050 P
1323 3997 1337 4070 11
1357 4010 1441 4054 asoo·¹

336 4085 394 4155 lapi
412 4090 435 4137 P
459 4083 472 4156 11
498 4088 532 4141 11
551 4103 601 4142 suo
621 4095 706 4141 om.P
725 4085 737 4159 11
762 4089 796 4164 19
815 4086 962 4157 syderibus
981 4089 1003 4136 P
1021 4081 1034 4154 11
1054 4084 1091 4139 20
1108 4083 1172 4137 Heo
1190 4088 1212 4135 P
1231 4080 1244 4156 11
1264 4088 1437 4140 enatastenes

336 4176 358 4224 P
377 4168 390 4245 11
409 4172 507 4228 'lenem
520 4190 584 4229 esse
599 4192 669 4246 qnae
682 4175 754 4245 fugit
772 4193 784 4228 ε
804 4172 818 4246 11
839 4175 873 4229 21
886 4173 917 4226 Io
932 4173 1025 4223 addidi
1038 4162 1073 4222 aa
1085 4171 1146 4226 Cot.
1157 4175 1214 4223 Χ11
1225 4171 1311 4244 ἕτεροι
1324 4173 1358 4226 δέ
1367 4191 1438 4243 φασι

335 4262 405 4328 βοῦν
424 4260 495 4316 εἶναι
512 4263 557 4329 τῆς
575 4264 638 4321 Ιοῦς
654 4267 767 4337 μίμημα
791 4259 806 4333 11
831 4278 893 4316 oum
911 4264 933 4311 P
951 4257 965 4332 11
985 4257 1076 4329 priore
1095 4261 1226 4335 parentes
1245 4264 1268 4311 Α
1290 4256 1305 4334 11
1324 4259 1438 4314 relicum

336 4347 600 4423 NJmle
