3202 5200
604 456 841 523 -alc-

165 625 199 688 in
224 624 310 689 nube
337 642 442 705 neque
470 624 503 687 in
524 623 602 689 flatu
624 624 743 691 cadunt
764 643 866 706 rores,
896 624 943 689 sic
969 644 1097 706 quoque
1118 648 1183 691 non
1208 629 1317 703 sineS

164 732 316 798 remedio.

211 892 215 897 .
252 843 420 907 Sarmenta
447 848 502 906 aut
523 843 689 927 palearum
712 862 847 908 aceruos
869 849 901 908 et
922 843 1052 908 euulsas
1074 842 1191 910 herhas
1212 845 1276 911 iru-

165 952 309 1033 ticesque
331 971 390 1036 per
411 951 525 1017 uineas
548 970 752 1036 camposque,
776 971 847 1017 cum
869 951 1005 1030 timebis,
1028 952 1206 1031 incendite,
1228 955 1275 1020 lu-

165 1080 236 1125 mus
261 1059 449 1125 medebitur.
486 1060 539 1127 hic
566 1082 584 1128 e
612 1061 714 1145 paleis
742 1065 775 1126 et
801 1066 912 1125 contra
934 1061 1068 1126 nebulas
1087 1063 1275 1149 auxiliatur,
1300 1090 1312 1125 ι

166 1168 228 1241 uhi¹
242 1168 379 1235 nebulae
401 1176 526 1236 nocent.
561 1171 691 1254 quidam
713 1175 779 1234 tres
802 1189 934 1236 cancros
955 1171 1048 1235 uiuos
1072 1174 1205 1237 cremari
1227 1175 1274 1238 iu-

162 1277 241 1361 bent
262 1278 296 1341 in
319 1279 466 1361 arbustis,
489 1286 525 1344 ut
546 1282 760 1346 carbunculus
783 1299 848 1343 non
870 1285 992 1345 noceat.
1016 1279 1071 1344 alii
1093 1281 1183 1346 siluri
1205 1302 1274 1347 car·
1342 1362 1345 1369 Ι

166 1405 236 1451 nem
259 1387 372 1452 leniter
394 1388 442 1451 uri
465 1396 605 1468 euentu,
628 1396 663 1454 ut
685 1409 742 1474 per
764 1394 863 1454 totam
885 1389 1012 1457 uincam
1034 1388 1139 1455 fumum
1153 1390 1276 1475 disper-

164 1501 266 1576 gatur.
302 1498 404 1562 Varro
420 1505 603 1574 auctorest,
627 1499 655 1564 si
670 1498 819 1562 fidiculae
835 1518 960 1576 naemu,
983 1498 1070 1581 quod
1085 1505 1135 1565 est
1149 1499 1274 1565 initium

164 1605 320 1683 autumni,
355 1626 419 1670 uua
447 1607 533 1690 picta
559 1612 763 1674 consecretur
789 1608 871 1675 inter
897 1608 993 1686 uites,
1027 1609 1132 1673 minus
1158 1628 1313 1674 nocerem

162 1717 380 1796 tempestates.
413 1717 582 1782 Archihius
597 1717 640 1783 ad
654 1716 846 1783 Antiochum
866 1716 981 1801 Syriae
1003 1716 1112 1801 regem
1136 1717 1273 1802 scripsit,

163 1821 190 1908 si
219 1821 307 1886 fictili
336 1844 420 1889 nouo
448 1826 603 1892 obruatur
629 1827 742 1891 rubeta
765 1846 846 1890 rana
867 1826 901 1890 in
923 1826 1031 1893 media
1053 1830 1180 1910 segete,
1207 1847 1272 1891 non

164 1948 235 1995 esse
257 1932 372 1997 noxias
394 1939 606 2017 tempestates.

430 2103 525 2168 Plinii
548 2104 689 2170 Secundi
711 2125 751 2171 ex
774 2105 887 2171 eodem
909 2104 1000 2169 libro.
1031 2122 1035 2129 ’

247 2237 451 2321 Primumque
478 2260 499 2304 a
527 2241 594 2306 sole
624 2222 788 2324 capiemus
815 2243 1012 2324 praesagia.¹
1041 2262 1139 2324 purus
1167 2242 1310 2311 oriensis

161 2352 257 2427 atque
281 2367 345 2410 non
367 2348 507 2431 feruens
530 2369 677 2414 serenum
699 2349 785 2413 diern
807 2350 938 2425 nuntiat,
962 2355 995 2412 at
1017 2348 1184 2413 hibernam
1205 2354 1274 2433 pal-

162 2455 245 2519 lidus
269 2456 468 2535 grandinem.
492 2459 521 2523 si
545 2464 576 2524 et
599 2456 715 2522 occidit
736 2456 839 2539 pridie
856 2475 991 2521 serenus*
1004 2460 1036 2519 et
1051 2457 1160 2536 oritur,
1184 2464 1272 2524 tanto

163 2563 328 2628 certiorem
352 2564 448 2628 fidem
465 2568 644 2635 serenitatis
661 2565 808 2632 ostendit.
833 2585 994 2630 concauos
1017 2565 1124 2632 oriens
1145 2550 1274 2651 pluuias

162 2671 326 2756 praedicit,
348 2672 435 2740 idem
458 2682 581 2754 uentos,
606 2696 678 2741 cum
700 2683 775 2742 ante
797 2675 993 2740 exorientem
1016 2695 1088 2740 eum
1103 2677 1206 2741 nubes
1220 2662 1272 2741 ru·

127 2858 130 2863 ⁴
162 2780 310 2861 bescunt,
339 2784 426 2864 quod
449 2785 477 2850 si
498 2791 529 2851 ct
550 2787 662 2869 nigrae
685 2785 872 2851 rubentibus
894 2783 1123 2850 interuenerint
1152 2794 1183 2851 et
1202 2788 1310 2870 plu-io

197 2955 211 3006 1
232 2953 292 3007 sine
306 2954 430 3009 remedio
444 2961 583 3010 sarmenta
596 2959 782 3023 (sacramenta
793 2958 826 3024 S)
838 2959 876 3008 cic
889 2959 1013 3009 coriliano
1025 2960 1075 3008 SV
1093 2954 1107 3025 Η
1127 2958 1144 3011 3
1161 2956 1269 3027 platea·
1288 2971 1310 3019 s

161 3057 219 3093 rum
237 3047 259 3092 V
273 3038 287 3111 ll
307 3042 499 3113 4lructicecq.
513 3047 561 3096 SV
579 3042 593 3114 Η
614 3048 643 3097 ct
655 3044 744 3098 fumus
762 3042 810 3113 Vll
824 3045 841 3098 5
854 3047 945 3098 etum.
964 3040 1012 3111 ΡΗ
1027 3046 1072 3111 est
1085 3044 1233 3099 auxiliator
1251 3053 1273 3100 V

163 3128 176 3197 Η
197 3131 213 3183 6
232 3128 399 3197 tibincbule
418 3137 440 3184 V
458 3129 471 3201 Η
492 3131 543 3185 tris
556 3135 658 3184 Plinius
679 3129 692 3202 Η
714 3133 728 3184 l
748 3131 777 3183 in
790 3131 912 3184 arbustis
926 3147 975 3185 om.
994 3135 1016 3182 V
1034 3128 1048 3198 Η
1067 3134 1099 3183 ut
1111 3130 1271 3187 carbunculi

160 3230 215 3267 non
228 3220 350 3270 noceant
365 3218 382 3267 ‘b
395 3221 499 3271 Plinius
513 3216 527 3288 Η
542 3217 666 3271 siluestri
679 3220 701 3270 S
712 3216 728 3289 Η
743 3219 901 3273 siluestrem
919 3216 967 3287 ΡΗ
982 3216 1060 3289 siluri
1073 3216 1087 3268 l
1106 3217 1122 3287 Η
1141 3218 1272 3274 Sleuiter

161 3305 292 3360 tl'liniua
312 3304 326 3373 Η
346 3308 377 3357 ut
395 3320 412 3357 a
430 3309 514 3359 uento
532 3322 551 3375 p
570 3309 591 3356 S
616 3303 629 3375 Η
656 3310 686 3359 et
704 3323 721 3359 a
739 3310 824 3360 uento
842 3324 861 3379 p
885 3311 907 3358 V
925 3305 939 3376 Η
965 3323 982 3359 a
1000 3310 1084 3359 uento
1103 3307 1135 3357 ut
1152 3320 1203 3374 per
1222 3307 1236 3356 l
1257 3305 1270 3376 Η

160 3389 338 3461 dispergatur
356 3396 377 3443 S
397 3390 411 3462 Η
433 3392 578 3464 dispgatur
602 3391 655 3462 Vll
682 3395 699 3450 9
717 3398 816 3448 auctor
834 3398 864 3447 et
882 3394 907 3448 si
924 3398 945 3445 s
973 3391 987 3464 Η
1011 3396 1187 3455 auctorest:
1207 3394 1273 3462 quia

164 3482 187 3529 V
210 3476 224 3546 Η
249 3482 347 3533 auctor
365 3483 410 3533 est
429 3478 503 3548 quod
522 3480 547 3533 si
567 3481 581 3530 l
610 3481 625 3549 Η
654 3483 752 3535 auctor
771 3487 817 3535 est
835 3482 860 3535 si
878 3484 983 3533 Plinius
1011 3479 1024 3549 Η
1053 3479 1196 3551 phidlcule
1215 3485 1237 3532 S
1256 3478 1271 3549 Η

159 3563 307 3634 phydicule
332 3570 353 3616 V
377 3564 392 3634 Η
417 3567 451 3622 10
468 3581 525 3618 una
541 3567 653 3635 pittuS
674 3566 688 3635 Η
711 3582 767 3619 una
784 3567 850 3636 pica
874 3568 910 3618 Vl
932 3565 945 3636 Η
964 3582 1019 3620 uua
1036 3568 1114 3636 pieta
1134 3570 1236 3619 Plinium
1257 3566 1271 3636 Η

160 3655 340 3705 consecratur
358 3656 378 3703 S
399 3649 414 3721 Η
428 3651 501 3704 uitis
521 3654 625 3704 Plinirn
645 3651 659 3721 Η
678 3655 800 3705 noceant
823 3649 877 3718 Vll
899 3652 931 3705 11
951 3652 1111 3721 Archybius
1134 3658 1157 3705 V
1176 3651 1188 3722 Η
1209 3653 1269 3707 An-
1311 3643 1332 3681 ⁰
1356 3706 1365 3720 ,

158 3739 301 3792 thioohum
321 3743 342 3790 Β
362 3736 376 3807 Η
395 3752 490 3805 regem
509 3737 576 3789 siric
597 3735 653 3805 ΡΗ
675 3737 781 3790 siric-S
805 3735 819 3805 Η
844 3737 880 3791 12
897 3738 991 3791 sectili
1014 3737 1069 3809 ΡΗ
1094 3755 1168 3793 ιιοιιο
1186 3741 1271 3795 obce-

159 3828 223 3877 ratc
234 3825 366 3879 obrutum
384 3826 398 3876 t
420 3826 432 3894 Η
452 3822 868 3894 tempestates.p1lxpriciu.ps
881 3822 898 3892 Η
910 3829 1031 3893 seqnitur
1044 3829 1210 3894 uurpliticutn
1223 3848 1273 3895 po-

160 3913 246 3965 lorum
257 3914 406 3978 descriptio
417 3913 446 3963 iu
458 3914 507 3962 SV
524 3914 558 3976 cf.
574 3912 637 3961 adu.
650 3928 678 3975 pt
689 3912 749 3977 112,
759 3918 777 3961 3
797 3908 810 3978 Η
831 3910 868 3965 14
878 3915 947 3967 Pliu.
962 3902 1131 3971 XV111'341.
1141 3922 1194 3968 342
1211 3920 1272 3968 Iun.

162 3995 176 4066 Η
195 4001 319 4052 Alterum
336 3998 384 4050 hoc
403 4006 558 4064 eccerplum
576 3999 648 4049 solua
667 3997 744 4049 hobel
759 4001 792 4061 8,·
809 4002 949 4050 crueuduui
966 4018 1001 4052 ea
1013 4004 1101 4054 Plinio
1116 4012 1142 4054 cl
1156 4005 1270 4056 Isidoro.

161 4085 288 4136 lectiones
300 4087 462 4137 Strczziuni
481 4086 538 4136 unc
552 4088 628 4151 cipue
646 4090 762 4137 notulae
776 4095 838 4137 scuit
859 4083 873 4154 Η
894 4087 928 4144 16
946 4087 1055 4158 nuptiat
1069 4089 1082 4158 Η
1101 4090 1234 4145 hibernus
1255 4088 1269 4159 Η

159 4167 302 4221 hibernam
320 4174 423 4225 Plinius
443 4168 456 4238 Η
481 4172 515 4226 18
534 4169 638 4224 certior
657 4168 671 4239 Η
691 4171 838 4224 certiorem
856 4177 954 4240 scripsi
975 4174 988 4244 Η
1010 4177 1114 4230 certior
1131 4175 1202 4230 fides
1222 4192 1267 4230 cc-

159 4254 296 4309 renitatir.
316 4256 419 4310 Plinius
439 4254 454 4327 Η
474 4257 507 4312 19
525 4260 644 4313 uenotoc
665 4256 678 4329 Η
699 4258 842 4313 exoriente
862 4257 877 4335 Η
