3254 5202
608 506 841 571 -169—

171 675 258 742 filiae
281 673 478 752 monstrauit,
501 674 557 739 ubi
571 679 664 758 pater
678 673 858 758 insepultus
880 673 1008 739 iaoeret.
1034 694 1117 756 quae
1133 693 1202 738 oum
1225 680 1321 746 uos
1380 745 1382 749 ,

172 787 289 864 uisset,
319 784 388 849 eius
411 804 527 868 eorpus
554 782 702 865 sepeliuit
727 786 864 868 ipsaque
887 802 922 848 se
944 785 978 847 in
1000 783 1151 867 Hymetto
1173 789 1281 850 monte

174 895 307 960 eontulit
328 893 438 975 ibique
460 893 522 958 sibi
543 892 661 975 laqueo
684 897 818 958 mortem
841 892 964 957 asoiuit.
999 898 1073 956 tuno
1096 892 1210 957 dieitur
1232 892 1282 956 Li-

172 1007 232 1071 ber
254 1026 275 1069 a
297 1006 373 1069 Ioue
395 1002 527 1085 petisse,
556 1006 591 1066 ut
611 1001 783 1084 Erigonem
812 1007 842 1066 et
864 1001 992 1067 Icarum
1019 1001 1116 1067 astris
1141 1001 1282 1068 inferret.

174 1115 262 1180 Iouis
285 1121 392 1180 autem
415 1111 526 1176 audita
549 1112 616 1175 eius
638 1109 790 1193 petitione
813 1113 976 1196 Erigonen
998 1112 1126 1195 signum
1147 1110 1284 1194 uirginis
1309 1131 1321 1167 ⁵

173 1224 361 1307 nominauit,
384 1223 512 1287 Icarum
535 1226 640 1285 autem
663 1228 787 1304 patrem
807 1223 877 1285 eius
892 1201 1058 1286 Arcturum
1075 1219 1283 1309 {nominauit}

175 1353 258 1415 quae
281 1353 353 1397 oum
376 1329 517 1394 exoritur
538 1330 761 1414 spureissimas
783 1337 989 1415 tempestates
1011 1331 1092 1396 mari
1114 1336 1285 1412 terraeque

175 1442 279 1507 effioit.
315 1460 451 1522 eumque
475 1441 619 1505 Athenas
646 1440 829 1523 pestilentia
853 1440 1062 1524 opprimeret,
1090 1461 1129 1506 ex
1153 1440 1284 1505 oraoulo

175 1552 221 1616 eis
251 1570 441 1635 responsum
469 1556 530 1629 est,
560 1555 758 1614 cessaturam
779 1549 1012 1634 pestilentiam,
1044 1550 1071 1615 si
1097 1571 1156 1635 per
1182 1569 1285 1614 annos

175 1661 319 1744 singulos
341 1660 382 1725 de
404 1659 549 1741 frugibus
572 1664 605 1724 θῖ
625 1658 790 1722 uindemia
805 1659 895 1722 loaro
920 1664 951 1722 et
965 1659 1126 1743 Erigonae
1150 1659 1286 1743 primum
1301 1679 1325 1717 ιο

174 1770 382 1836 delibaretur.
416 1768 503 1850 quod
525 1766 642 1831 fautum
666 1773 714 1831 est
736 1768 778 1832 ab
802 1767 1059 1834 Atheniensibus.
1094 1769 1163 1834 dies
1186 1768 1286 1833 festos

174 1880 337 1943 institutos
352 1896 532 1958 aeorasque
549 1875 787 1956 constituerunt,
803 1875 878 1940 ideo
895 1876 972 1957 quia
986 1878 1075 1943 illam
1092 1878 1287 1961 pendentem

177 1992 420 2071 oonspexerunt‚
446 1985 532 2067 quod
554 1991 603 2050 est
624 1985 712 2069 apud
734 1984 877 2050 orasses
901 1987 1058 2073 φέρεθαι.
1082 2008 1122 2053 ex
1146 2008 1208 2069 quo
1224 1986 1287 2051 fao

175 2100 242 2159 tum
270 2102 331 2174 est,
360 2102 395 2159 ut
423 2095 484 2160 soli
507 2095 619 2161 osoillo
646 2095 842 2160 iaetarentur
869 2095 1026 2164 homines.
1061 2098 1149 2163 oanis
1178 2101 1286 2161 autem

176 2204 276 2285 lomi,
306 2205 360 2286 qui
381 2203 510 2268 ululans
541 2210 617 2269 ante
645 2204 760 2287 pedem
789 2206 958 2288 pendentis
985 2209 1121 2292 uirginis
1144 2210 1286 2270 mortuus
1300 2227 1324 2264 ιι

177 2318 235 2391 est,
259 2319 379 2378 astrum
395 2332 479 2398 oyen
495 2315 685 2389 nominatur,
708 2334 802 2398 quam
819 2336 878 2380 nos
894 2318 983 2381 oanis
999 2317 1123 2382 stellam
1139 2315 1286 2379 dicimus.

177 2423 232 2505 qui
255 2422 295 2486 ob
319 2421 457 2487 eandem
480 2441 620 2500 oausam,
644 2423 774 2502 quando
792 2423 943 2508 exoritur,
967 2445 1122 2490 summam
1138 2422 1289 2505 pestilen-

175 2532 254 2595 tiam
276 2530 465 2594 mortalibus
486 2529 574 2594 faeit.
598 2529 696 2594 habet
717 2534 825 2597 autem
841 2533 953 2598 stellas
976 2533 1009 2596 in
1033 2531 1178 2616 capitor,
1203 2549 1288 2611 quae

176 2638 238 2703 Isis
255 2637 380 2715 dieitur,
397 2639 529 2716 alaram,
551 2639 586 2702 in
601 2640 713 2723 lingua
729 2660 835 2725 unam,
860 2662 957 2723 quam
973 2642 1091 2707 Sirium
1106 2641 1158 2704 uel
1174 2656 1289 2704 sanem

177 2758 306 2826 uooant,
329 2766 449 2828 magna
471 2747 601 2829 quidem
625 2754 673 2814 est
697 2758 728 2814 et
749 2751 929 2834 splendida,
953 2752 986 2815 in
1009 2752 1091 2816 eollo
1115 2750 1202 2835 11‚in
1225 2748 1328 2813 sin-20
1432 2812 1436 2827 x

177 2857 261 2942 gulis
284 2856 425 2921 humeris
448 2857 592 2940 singulas
615 2860 783 2937 obscuras,
806 2862 839 2924 in
861 2865 991 2944 pectore
1014 2885 1051 2942 11,
1078 2860 1112 2924 in
1135 2857 1289 2925 anteriori

180 2967 264 3052 pede
283 2967 417 3032 sinistro
434 2990 480 3044 111,
503 2967 537 3030 in
560 2968 699 3033 dextror
722 2969 854 3049 claram,
877 2971 911 3035 in
934 2978 1074 3036 extremo
1098 2990 1196 3054 supra
1219 2969 1289 3033 dor-

177 3098 247 3142 sum
269 3099 315 3155 111,
339 3076 373 3140 in
395 3081 556 3155 uentrem,
578 3077 612 3142 in
634 3078 762 3146 sinistro
785 3080 942 3165 temeror,
966 3082 999 3144 in
1021 3080 1190 3164 posteriori
1206 3079 1289 3163 pede

177 3187 354 3265 sinister,
383 3185 417 3250 in
440 3187 620 3253 summitate
650 3188 773 3256 caudae
796 3215 817 3254 ι.
851 3192 929 3255 liunt
955 3191 1085 3256 insimul
1106 3214 1160 3254 xx.
1194 3189 1290 3255 situm

211 3360 226 3414 1
245 3358 394 3413 mostrauit
411 3360 431 3409 S
457 3355 470 3427 Η
495 3360 512 3412 2
531 3360 685 3430 seppeliuit
702 3364 723 3413 S
747 3362 761 3434 Η
786 3364 897 3432 hymeto
921 3361 976 3433 ΡΗ
995 3366 1012 3418 3
1031 3362 1132 3432 laqueo
1152 3361 1208 3415 sibi
1231 3361 1286 3432 ΡΗ
1309 3377 1328 3420 s

177 3447 291 3511 assoiuit
309 3452 329 3499 S
350 3447 362 3518 Η
383 3447 455 3501 481)
476 3452 497 3498 Ρ
516 3446 529 3519 Η
549 3450 668 3519 petiisse
693 3455 715 3503 V
733 3449 745 3521 Η
766 3453 889 3520 Erigone
914 3450 966 3520 ΡΗ
988 3451 1115 3503 Ioharum
1139 3455 1161 3503 Ρ
1180 3448 1194 3520 Η
1214 3450 1287 3503 intu-

177 3534 260 3589 lisset
277 3539 298 3588 S
319 3534 333 3604 Η
352 3536 369 3589 5
388 3536 550 3604 Erigones
571 3533 583 3607 Η
605 3537 728 3604 Erigone
753 3543 774 3591 Ρ
794 3536 807 3607 Η
828 3540 844 3593 6
863 3540 972 3592 Iosrum
984 3538 1183 3591 -nominauit
1202 3556 1251 3588 om.
1271 3541 1293 3589 Ρ

177 3622 191 3692 Η
212 3623 366 3677 nominauit
379 3625 457 3674 om.l›
478 3621 491 3693 Η
513 3625 629 3693 iqueS
650 3623 664 3694 Η
685 3624 740 3690 Qui
758 3630 780 3675 Ρ
798 3624 812 3694 Η
833 3626 1031 3693 spurcissimas
1045 3644 1093 3675 om.
1113 3630 1133 3676 V
1149 3624 1161 3693 Η
1182 3628 1290 3694 terruq3

182 3709 235 3781 ΡΗ
260 3711 357 3766 Seius
376 3712 397 3760 S
417 3728 466 3764 om.
490 3715 513 3761 Ρ
537 3709 550 3779 Η
577 3711 618 3763 eis
637 3716 734 3777 scripsi
760 3710 772 3780 Η
801 3714 835 3767 10
853 3713 952 3765 Ioharo
977 3715 998 3762 Ρ
1024 3709 1038 3779 Η
1064 3710 1188 3778 Erigone
1207 3716 1255 3763 SV
1275 3712 1288 3780 Η

177 3799 210 3852 11
230 3815 284 3868 quo
303 3800 323 3849 S
344 3795 358 3866 Η
380 3796 427 3865 qui
447 3795 547 3849 diebus
566 3797 649 3849 iestis
669 3798 831 3850 constitutis
850 3803 872 3849 Ρ
891 3795 903 3866 Η
925 3799 959 3851 12
978 3800 1099 3865 arasq3S
1120 3793 1132 3864 Η
1154 3801 1256 3853 arasV
1276 3796 1289 3867 Η

178 3887 211 3940 13
231 3887 402 3955 aspexerunt
425 3888 447 3936 Ρ
475 3882 488 3954 Η
519 3899 619 3952 grerms
638 3888 687 3936 SV
715 3885 728 3951 Η
758 3890 934 3943 φΕΡΕΕΘΑι
957 3888 977 3937 S
1003 3888 1090 3935 locrio.
1109 3885 1201 3950 praet.
1227 3889 1248 3936 V
1277 3884 1289 3951 Η

177 3974 213 4028 14
231 3971 450 4044 θοῖὶοΗθοῖΗοδ
471 3970 483 4040 Η
504 3971 558 4024 soli
577 3970 685 4039 osoyllo
704 3976 726 4022 V
744 3971 758 4041 Η
779 3971 811 4026 15
830 3972 923 4025 Iohari
940 3973 965 4024 V
982 3970 994 4041 Η
1016 3972 1050 4026 16
1063 3962 1131 4025 cion
1149 3976 1170 4024 S
1192 3968 1204 4041 Η
1224 3971 1291 4023 kion

182 4065 205 4110 V
223 4057 237 4129 Η
258 4078 277 4129 q
294 4066 314 4113 S
336 4061 349 4131 Η
372 4060 447 4129 quod
471 4067 493 4113 V
510 4059 523 4130 Η
545 4063 578 4115 17
597 4059 788 4128 pestilentiam
807 4059 965 4114 hominibus
984 4060 1054 4113 facit
1078 4058 1131 4129 ΡΗ
1159 4061 1193 4113 19
1211 4059 1290 4128 ypsis

184 4155 204 4200 V
224 4149 236 4217 Η
256 4153 372 4231 uocatur
392 4148 493 4202 dieitur
518 4153 538 4201 V
558 4146 570 4216 Η
593 4147 668 4199 clara
686 4152 771 4201 Som.
790 4152 811 4199 V
831 4149 843 4217 Η
863 4150 899 4202 20
917 4163 970 4217 que
989 4162 1091 4215 magna
1113 4144 1166 4215 ΡΗ
1187 4147 1220 4198 21
1240 4146 1289 4198 ob-

179 4268 275 4307 scuras
295 4223 419 4322 singulas
436 4257 459 4304 V
477 4250 490 4322 Η
510 4255 626 4321 pectore
646 4269 669 4304 ιι
689 4252 779 4306 oleras
796 4255 820 4304 V
837 4249 849 4322 Η
870 4252 906 4306 24
923 4251 993 4307 fiunt
1011 4264 1107 4306 omnes
1121 4267 1158 4301 xx
1175 4252 1198 4300 V
1216 4246 1230 4317 Η
1252 4247 1288 4300 si·

177 4346 236 4399 tum
256 4343 300 4394 est
317 4340 371 4395 hoo
390 4340 498 4410 signum
521 4337 576 4410 ΡΗ
