3254 5202
784 504 1017 577 -112-

349 683 469 745 terutra
497 694 622 742 sursum
651 675 816 759 aspiciunt.
857 675 961 741 altera
988 695 1128 760 namque
1150 676 1262 743 Helice
1289 681 1347 761 cst,
1371 695 1456 758 quae

350 790 485 872 apparet
506 784 610 869 prima
632 791 735 864 nocte,
760 783 861 850 altera
885 785 1003 869 pusilla
1025 785 1163 872 quidem,
1187 787 1246 853 sed
1266 785 1457 871 anauigan·

350 896 434 961 tibus
457 894 655 960 obseruatur.
685 895 788 961 maria
811 895 896 960 enim
918 895 1096 961 conturbat.

310 1057 337 1125 8
435 1055 569 1120 Helicen
595 1060 702 1120 autem
731 1054 808 1121 dioit
834 1056 994 1122 Hesiodus
1021 1056 1154 1124 Callisto
1182 1055 1344 1141 Lycaonis
1371 1054 1457 1137 regis

318 1164 579 1248 sfiliamfuisse,
604 1165 742 1250 quaein
762 1164 904 1231 Areaffla
930 1165 1026 1231 solita
1053 1184 1125 1230 oum
1152 1165 1261 1230 Diana
1287 1164 1400 1229 uenari
1426 1168 1457 1229 et

347 1274 381 1339 in
403 1274 563 1342 montibus
586 1273 701 1357 uagari
724 1280 755 1339 et
777 1274 820 1340 ab
835 1275 913 1340 Ioue
930 1294 1086 1360 oppressa
1101 1294 1168 1340 rem
1185 1275 1304 1340 celaret
1317 1273 1455 1340 Dianae.

349 1401 444 1465 quam
465 1382 634 1467 grauidam
657 1380 778 1448 nudam
799 1384 962 1449 leuantem
986 1403 1056 1451 cum
1080 1383 1260 1469 aspexisset
1280 1383 1399 1467 Diana,
1422 1382 1457 1446 in

311 1548 341 1613 θ
433 1552 577 1619 Helicen
609 1558 715 1619 autem
743 1552 819 1621 dicit
845 1553 1006 1621 Hesiodus
1032 1553 1185 1620 Licaonis
1218 1553 1316 1620 filiam
1347 1552 1455 1619 fuisse.

349 1681 432 1744 quae
460 1682 531 1728 curn
557 1663 590 1727 in
616 1661 777 1727 Archadia
802 1661 959 1728 habitaret
987 1670 1019 1730 et
1047 1685 1118 1730 cum
1139 1664 1248 1730 Diana
1276 1661 1456 1729 uenationis

310 1788 337 1828 1⁰
350 1788 446 1836 causa
467 1771 502 1835 in
523 1770 683 1837 montibus
705 1777 790 1836 esset
811 1777 842 1836 et
863 1791 884 1837 a
905 1775 983 1840 Ioue
1004 1772 1129 1839 uiolata
1149 1794 1217 1839 rem
1239 1772 1359 1840 celaret
1378 1772 1456 1838 Dia·

348 1898 419 1960 nae,
442 1881 475 1945 in
497 1882 628 1948 lauacro
655 1887 783 1967 parturn
810 1882 994 1949 accelerans
1015 1883 1057 1949 ab
1080 1902 1121 1949 ea
1143 1882 1355 1968 deprehensa,
1380 1882 1456 1964 quia

349 2053 364 2106 1
382 2051 480 2122 helyae
497 2056 519 2106 8
539 2051 552 2125 Η
573 2070 626 2123 que
644 2058 694 2108 SV
712 2053 724 2124 Η
744 2056 762 2109 2
780 2054 908 2125 aperitG
928 2052 942 2126 Η
961 2054 1054 2109 noctis
1074 2054 1163 2109 sltera
1183 2055 1308 2109 GG⁶G⁸S
1327 2053 1342 2129 Η
1361 2052 1453 2109 noctis

347 2140 416 2195 hora
434 2142 522 2195 altera
539 2147 561 2195 V
579 2140 591 2211 Η
613 2145 695 2196 nocte
713 2144 810 2209 scripsi
830 2140 843 2210 Η
863 2141 1078 2198 Sebseruantur
1092 2146 1280 2210 fflpostccrr.
1292 2141 1328 2196 ΗΡ
1348 2141 1361 2213 Η
1383 2140 1454 2195 enim

349 2245 399 2280 om.
423 2227 477 2299 ΡΗ
499 2234 555 2281 Herc
573 2247 673 2298 quoque
692 2232 831 2297 pertineat
850 2245 917 2297 ponc
935 2239 997 2295 post
1016 2238 1172 2297 excerptum
1190 2230 1342 2282 Pltoicocm
1362 2232 1454 2295 lepus-

348 2325 393 2368 tcr
410 2320 438 2367 tc
455 2320 511 2381 8Ρ,
533 2326 595 2370 rum
614 2325 703 2369 aorem
721 2317 800 2368 laer:
818 2315 952 2373 Vertices
972 2318 1124 2382 extremos,
1151 2316 1227 2372 eirea
1246 2332 1316 2387 quos
1336 2315 1456 2387 sphaera

349 2402 420 2456 caeli
439 2402 505 2471 (celi
523 2419 607 2474 spera
630 2403 662 2468 V)
680 2401 811 2468 uoluitur,
830 2402 911 2473 polos
931 2404 1037 2475 antiqui
1056 2408 1284 2475 nuncupauerunt
1303 2404 1454 2475 (nuncupa-

346 2494 410 2544 runt
426 2492 466 2559 V).
486 2507 501 2543 e
521 2491 621 2561 quibus
641 2506 712 2543 unus
733 2493 778 2543 est
796 2491 1032 2560 septentrionalis,
1048 2492 1095 2561 qui
1107 2491 1209 2544 boreus
1223 2490 1387 2561 appelletur,
1407 2487 1455 2557 qni

347 2593 493 2647 numquam
513 2576 661 2649 (nunquam
684 2578 720 2644 V)
741 2576 853 2631 occidit.
882 2578 952 2633 alter
971 2580 1065 2648 (auter
1082 2579 1114 2648 S)
1133 2577 1272 2643 australis,
1293 2577 1340 2647 qui
1362 2580 1453 2630 terrae

346 2666 475 2721 obiectus
495 2682 512 2718 a
529 2666 612 2720 nobis
630 2681 777 2734 numquam
796 2666 945 2737 (nunquam
968 2668 1000 2735 V)
1019 2665 1129 2720 uidetur
1148 2669 1178 2719 et
1194 2664 1392 2719 austronothus
1411 2661 1453 2714 di·

347 2753 431 2807 citur:
451 2769 532 2823 quem
551 2753 663 2822 quidam
682 2752 796 2806 dicebat
809 2752 915 2824 (dicunt
929 2753 961 2822 V)
977 2770 1040 2808 esse
1054 2753 1173 2808 Thetim.
1202 2752 1302 2805 Thetis
1323 2750 1395 2804 enirn
1413 2755 1455 2801 eet

348 2845 398 2906 (tto
417 2843 514 2907 scripsi
533 2855 597 2894 esse
615 2839 702 2893 thetis
722 2826 749 2894 ci
766 2843 787 2892 8
806 2855 870 2895 esse
888 2842 987 2895 thetim
1004 2844 1038 2909 V)
1059 2839 1164 2895 Oceani
1183 2838 1312 2908 (occeani
1335 2840 1366 2914 V)
1385 2850 1454 2888 uxor

348 2930 472 2991 (uxorem
489 2927 521 2994 V)
540 2927 631 2980 nutrix
650 2926 795 2992 (nutricem
812 2928 845 2994 V)
863 2927 978 2982 Iunonis
998 2932 1028 2981 et
1046 2943 1106 2981 eam
1126 2926 1251 2994 (Iunonis
1265 2939 1335 2995 quae
1354 2923 1386 2990 V)
1404 2921 1454 2974 fin·

349 3014 422 3082 gitur
439 3015 468 3067 in
487 3029 593 3068 oceano
607 3013 742 3078 (occeano
754 3014 814 3080 SV)
832 3013 979 3082 prohibere
996 3012 1148 3084 (prohiberi
1165 3011 1196 3082 V)
1217 3010 1356 3066 occidere.
1383 3008 1454 3062 haec

347 3100 433 3153 habet
457 3099 555 3155 stellas
579 3099 607 3153 in
631 3100 724 3169 capite
744 3117 787 3152 vn
811 3116 867 3153 non
890 3100 994 3166 claras,
1019 3101 1048 3153 in
1070 3103 1202 3168 utrasque
1222 3114 1302 3153 suros
1326 3097 1454 3166 (utraque

347 3202 412 3239 aure
435 3190 468 3248 V)
488 3205 518 3252 11,
536 3185 565 3238 in
584 3201 659 3239 armo
679 3186 756 3253 (eure
780 3187 812 3253 V)
833 3204 857 3251 ι,
876 3186 906 3240 in
923 3191 1039 3257 pectore
1059 3186 1161 3240 clarem
1179 3203 1203 3252 1,
1222 3186 1251 3238 in
1269 3183 1342 3255 pede
1360 3184 1453 3255 priore

347 3288 428 3325 unam
448 3273 616 3338 (in-unam
635 3292 684 3325 cnr.
702 3273 747 3339 Ρ),
772 3272 801 3325 in
820 3276 944 3329 extrema
963 3290 1033 3329 coxa
1052 3276 1147 3340 (cossa
1164 3275 1196 3340 8)
1216 3291 1226 3326 ι
1246 3272 1359 3340 (claram
1378 3289 1388 3324 ι
1412 3270 1454 3336 Ρ),

346 3359 375 3411 in
394 3359 498 3412 femore
518 3359 629 3426 (femine
654 3362 687 3428 V)
706 3360 862 3430 posteriore
882 3379 916 3428 11,
935 3362 964 3414 in
982 3360 1055 3431 pede
1074 3362 1198 3412 extremo
1216 3358 1373 3430 posteriore
1392 3358 1453 3426 (po-

347 3445 464 3499 steriore
483 3464 533 3498 om.
551 3447 584 3513 V)
601 3463 632 3510 11,
651 3447 679 3499 in
698 3446 788 3501 cauda
805 3452 863 3502 tres
883 3451 911 3516 (3
929 3450 969 3516 V).
998 3448 1066 3501 fiunt
1084 3447 1161 3512 (sunt
1178 3449 1211 3511 V)
1230 3459 1327 3498 omnes
1345 3460 1384 3497 xx
1401 3443 1453 3511 (ui-

346 3532 416 3601 ginti
440 3535 480 3600 V).
507 3534 572 3585 loeo
589 3539 710 3602 sequitur
728 3539 756 3586 to
779 3539 801 3587 V
819 3540 907 3603 imapc
926 3538 1048 3588 centauri
1066 3545 1182 3601 utroque
1208 3549 1287 3584 meac
1305 3532 1386 3595 plores
1405 3548 1455 3581 (ιιι-

345 3637 407 3671 reos
426 3625 543 3673 relenta
573 3619 587 3691 Η
616 3626 647 3674 ce
665 3622 759 3688 floria
777 3625 890 3675 suumn
909 3608 944 3692 ef.
959 3626 1057 3689 appa.
1072 3626 1100 3673 ι.
1114 3624 1146 3673 Α.
1160 3623 1216 3670 ιιι
1237 3623 1327 3684 anu
1343 3622 1453 3672 sceler.

346 3709 378 3758 oe
397 3710 467 3773 potis
485 3710 550 3759 toto.
570 3710 654 3776 ortpp.
673 3713 773 3777 11132,
786 3717 828 3762 sc.
849 3714 921 3761 xm
931 3718 987 3774 as
1007 3706 1020 3779 Η

307 3848 329 3897 8
380 3845 581 3915 4Helycens
607 3847 620 3917 Η
651 3849 797 3919 calystos
826 3848 840 3920 Η
869 3850 973 3903 calixto
997 3854 1019 3901 V
1046 3846 1060 3918 Η
1088 3847 1153 3901 5et
1169 3846 1198 3899 in
1216 3848 1266 3897 8Ρ
1293 3842 1306 3914 Η
1321 3839 1407 3912 'quae
1424 3842 1455 3894 in

344 3934 441 3997 scripsi
462 3933 475 4002 Η
497 3933 629 3988 archadia
651 3935 705 4006 ΡΗ
727 3935 838 3990 solitam
860 3942 883 3990 V
902 3936 915 4004 Η
935 3926 1034 4005 Dyana
1056 3918 1079 3986 V
1102 3933 1115 4003 Η
1140 3934 1192 3987 Ga
1215 3928 1268 3999 ΡΗ
1290 3944 1454 4001 oppressam

267 4059 270 4065 -
349 4016 403 4089 ΡΗ
423 4020 533 4074 celasse
557 4019 611 4091 ΡΗ
631 4023 729 4092 Dyane
752 4028 775 4076 V
799 4021 811 4093 Η
837 4023 903 4076 ise
923 4022 1062 4076 leuantem
1085 4018 1140 4090 ΡΗ
1160 4017 1315 4088 espissixet
1332 4020 1354 4069 8
1373 4015 1386 4087 Η
1408 4032 1469 4073 ιιι·Δ

344 4107 466 4178 pixisset
489 4105 543 4180 ΡΗ
564 4107 673 4163 dianam
693 4115 721 4166 et
738 4114 759 4162 8
779 4109 792 4181 Η

309 4221 332 4268 ⁰
380 4228 398 4283 8
417 4226 529 4281 esiodus
550 4230 574 4281 θ
594 4227 611 4297 Η
629 4228 759 4282 heriodus
774 4227 852 4282 (papo
872 4229 885 4299 Η
905 4232 922 4286 9
942 4220 1069 4300 ᾆῖιῑιιθ
1089 4226 1102 4298 Η
1122 4189 1236 4282 arladis
1255 4229 1280 4280 G
1300 4225 1313 4296 Η
1333 4223 1455 4296 uenena·

344 4313 430 4368 tionis
451 4316 491 4370 G!
510 4311 524 4386 Η
546 4316 581 4371 10
599 4315 706 4387 celaret
726 4316 765 4369 θ’
784 4314 797 4386 Η
818 4316 851 4371 11
871 4314 1041 4371 secederent
1062 4317 1101 4369 θ’
1118 4323 1183 4367 octe
1202 4331 1273 4369 corr.
1293 4312 1330 4370 θ’
1349 4311 1364 4384 Η
