3254 5202
614 537 849 602 -113-

177 702 310 768 lauacro
332 707 458 786 partum
481 704 683 789 accelerans,
710 704 794 771 irata
816 702 892 787 dea,
916 703 993 786 quia
1015 700 1135 770 factum
1158 706 1325 791 celamus

128 835 130 839 ·
179 811 282 877 bestia
303 812 373 877 fieri
398 815 488 878 iussa
511 818 568 878 est.
600 818 631 877 et
653 813 728 876 dum
751 819 837 879 esset
858 832 935 878 ursa
956 815 1085 878 Arctum
1108 816 1204 880 enixa
1226 796 1283 897 est,

180 940 275 1003 quem
291 922 449 987 Arcadem
468 927 595 993 uocant.
620 921 1029 1009 Qonera
1050 921 1158 1005 refert,
1173 924 1285 992 Ioucm
1366 914 1378 1007 l

180 1029 310 1097 Dianae
337 1029 445 1113 effigie
467 1031 727 1115 transfiguratum
750 1032 783 1098 in
805 1032 976 1097 uenatione
1000 1031 1135 1099 Callisto
1156 1052 1284 1119 oppres-

179 1142 270 1207 sisse.
294 1145 438 1226 tempore
458 1147 569 1225 partus
590 1142 686 1227 pleno
708 1161 781 1206 cum
802 1132 982 1221 donaretur,
1006 1142 1133 1209 Dianae
1157 1145 1284 1230 culpam
1311 1172 1324 1210 s

180 1251 342 1317 indicasse
369 1238 401 1315 et
426 1251 543 1315 iratam
564 1251 705 1315 Dianam
731 1252 766 1315 in
787 1273 896 1319 ursam
917 1253 1171 1335 transfigurasse.
1203 1276 1285 1339 quae

181 1360 312 1425 durnin
333 1360 491 1426 montibus
513 1366 694 1445 negaretur,
717 1361 945 1443 aquibusdam
968 1363 1151 1445 pastoribus
1173 1384 1287 1450 appre-

179 1471 283 1536 hensa
305 1491 376 1535 cum
398 1491 496 1555 puero
519 1470 673 1555 perducta
691 1474 744 1535 est
771 1470 815 1534 ad
836 1472 1030 1557 Lycaonem.
1063 1478 1136 1557 post
1161 1478 1286 1558 tempus

180 1583 214 1646 in
236 1579 356 1664 Lycaei
382 1580 468 1646 louis
494 1581 614 1664 templo
644 1578 847 1662 confugiens,
876 1603 945 1648 cum
974 1604 1047 1648 eam
1073 1586 1174 1648 Arcas
1202 1583 1286 1650 filius

181 1697 374 1774 sequeretur,
396 1690 453 1755 ubi
468 1710 540 1756 eam
555 1687 649 1754 nefas
671 1694 739 1754 crat
760 1689 886 1777 intrare,
910 1694 952 1758 ab
967 1692 1146 1759 Arcadibus
1160 1695 1286 1777 utrique
1301 1719 1326 1758 m

179 1801 347 1869 interfecti.
370 1801 514 1885 Iuppiter
530 1806 637 1863 autem
651 1802 805 1880 utrosque
829 1802 911 1867 caeli
934 1803 1029 1868 astris
1043 1803 1149 1868 intulit
1163 1823 1287 1868 ursam-

182 1933 244 1996 que
266 1931 338 1978 eam
359 1909 544 1975 nominauit.
576 1907 710 1973 Ouidius
733 1910 775 1973 ab
797 1910 919 1978 Iunone
941 1913 974 1978 in
995 1913 1133 1979 bestiam
1156 1934 1286 1979 conuer-

181 2044 252 2090 sam
279 2020 398 2088 scribit.
428 2017 659 2083 hebetantem
687 2019 797 2085 stellas
819 2021 853 2085 in
876 2022 980 2106 capite
1003 2045 1063 2103 vn,
1091 2024 1124 2088 in
1151 2023 1287 2105 singulis

181 2131 320 2198 humeris
343 2130 489 2213 singulas
511 2128 676 2208 obscuras,
698 2128 732 2192 in
755 2149 844 2194 armo
868 2131 958 2211 duas,
981 2131 1015 2196 in
1036 2137 1166 2216 pectore
1180 2153 1286 2214 unam,

179 2334 299 2401 factum
314 2333 441 2412 celauit,
456 2332 561 2400 bestia
574 2333 644 2397 fieri
657 2332 747 2397 iussa
762 2339 811 2399 est
826 2338 856 2397 et
871 2351 985 2418 parere
996 2333 1173 2417 Arcturum,
1191 2333 1326 2415 quemG

180 2450 297 2537 uocant
311 2442 477 2509 Arcadem.
494 2442 868 2548 Q„Qss,it‚
890 2443 999 2507 Iouem
1014 2442 1138 2506 Dianae
1159 2441 1288 2507 adsimi-
1367 2433 1379 2537 Η

180 2553 280 2619 latum
309 2572 446 2618 cumea
476 2552 579 2617 coisse
607 2557 638 2617 et
665 2572 736 2617 eam
764 2551 958 2634 concepisse.
990 2571 1061 2614 oum
1090 2571 1165 2634 ergo
1188 2550 1290 2616 nollet

181 2661 454 2745 interrogantibus
476 2667 550 2744 post
571 2668 698 2745 partum
721 2660 838 2738 dicere,
861 2681 880 2723 a
903 2679 965 2742 quo
989 2659 1198 2743 concepisset,
1219 2664 1288 2723 tan-

182 2771 257 2836 dem
284 2758 460 2854 perpessae
487 2769 672 2835 uiolationis
693 2771 836 2834 Dianam
862 2768 1057 2852 culpabilem
1083 2768 1172 2833 dixit.
1204 2787 1288 2850 quae

182 2900 257 2944 mox
280 2879 322 2943 ab
346 2899 386 2943 ea
407 2878 441 2942 in
462 2877 600 2943 bestiam
624 2898 780 2943 conuersa
803 2884 852 2943 est
874 2884 905 2942 et
928 2897 999 2942 cum
1020 2896 1120 2961 puero
1143 2876 1289 2962 Lycaoni
1301 2907 1327 2945 20

182 2987 303 3054 tradita
326 2993 357 3053 et
379 3007 399 3052 a
421 2986 502 3052 Ioue
522 3006 588 3051 una
611 3008 683 3052 cum
705 2986 770 3052 filio
793 2987 877 3052 inter
898 2992 988 3052 astra
1011 2983 1191 3050 conlocata.
1214 2986 1289 3049 Arc-

182 3098 245 3162 turi
266 3117 384 3162 nomen
405 3103 535 3181 propter
557 3096 683 3161 ruinam
705 3098 818 3163 sortita
841 3104 897 3163 est.
927 3096 1027 3161 habet
1048 3099 1156 3160 autem
1178 3092 1289 3158 stellas

183 3208 217 3272 in
241 3207 344 3291 capite
369 3229 401 3269 v1
424 3205 587 3290 obscuras,

217 3451 361 3521 lpartum
380 3449 440 3501 eius
464 3454 486 3502 V
509 3447 523 3516 Η
547 3447 708 3501 accelerans
727 3448 847 3501 bestiam
870 3463 931 3500 eam
954 3461 1018 3500 esse
1042 3446 1125 3500 iussit
1148 3449 1171 3497 V
1193 3444 1206 3515 Η
1233 3444 1328 3513 deos

181 3539 340 3602 Ssortccse
359 3539 497 3602 lepeodom
515 3534 550 3587 ab
570 3534 641 3587 irata
660 3533 713 3586 dea
742 3533 754 3602 Η
783 3535 847 3588 4in
866 3534 954 3604 dyane
979 3539 1001 3585 V
1022 3532 1034 3601 Η
1057 3533 1086 3584 in
1103 3532 1211 3585 Dianae
1231 3531 1290 3585 effi·

183 3621 256 3690 giem
275 3623 289 3673 b
311 3621 323 3691 Η
344 3621 443 3675 calisto
464 3626 483 3671 S
505 3621 518 3690 Η
540 3620 644 3673 calixto
669 3625 691 3671 V
714 3617 726 3689 Η
749 3623 766 3675 5
784 3621 867 3691 plena
885 3625 934 3673 SV
951 3619 965 3689 Η
990 3618 1073 3688 pleno
1091 3619 1254 3670 Sebuobucb.
1276 3617 1291 3689 Η

183 3711 200 3763 6
219 3712 248 3761 et
266 3713 349 3761 συιδ
370 3708 383 3777 Η
403 3709 475 3762 irata
493 3708 609 3760 dianas
630 3706 643 3773 Η
664 3705 780 3774 dyanam
799 3712 820 3758 V
839 3705 853 3774 Η
873 3709 890 3761 8
908 3704 1065 3774 tpductam
1083 3704 1152 3757 ads
1173 3704 1186 3774 Η
1206 3705 1292 3760 licao-

182 3809 245 3847 nem
263 3799 284 3847 S
304 3794 316 3865 Η
337 3797 354 3849 9
373 3795 438 3848 licei
456 3799 504 3847 SV
525 3794 538 3864 Η
557 3796 631 3846 artas
651 3795 672 3844 S
696 3790 710 3860 Η
735 3790 833 3845 archas
857 3797 879 3845 V
899 3789 912 3861 Η
936 3793 971 3846 10
988 3792 1095 3861 nephas
1119 3792 1141 3843 V
1160 3790 1172 3861 Η
1194 3792 1292 3846 111u-

182 3881 256 3951 piter
279 3887 301 3935 V
319 3880 332 3950 Η
354 3882 388 3936 12
407 3898 468 3934 eam
488 3901 537 3934 cm.
557 3886 577 3933 S
597 3878 611 3949 Η
631 3895 648 3931 a
671 3884 692 3931 V
712 3876 725 3947 Η
746 3879 781 3933 14
799 3878 933 3933 obscuras
953 3876 1079 3945 singulas
1104 3883 1126 3931 V
1144 3876 1158 3948 Η
1178 3878 1207 3931 in
1226 3895 1291 3949 pec-

182 3971 287 4021 tore-
300 3968 391 4022 claras
410 3987 433 4021 11
453 3988 503 4021 om.
521 3971 543 4021 S
563 3966 576 4038 Η

218 4148 252 4203 15
265 4151 343 4202 arctn
358 4147 435 4200 6⁰6⁶
456 4146 470 4217 Η
490 4149 524 4203 16
537 4145 686 4200 archadcm
704 4149 807 4199 uocant
821 4144 898 4198 gago
920 4144 933 4215 Η
954 4144 1024 4197 dicit
1037 4145 1124 4197 cca&
1144 4142 1157 4213 Η
1178 4144 1212 4198 17
1225 4157 1290 4195 con·
1307 4160 1329 4208 θ

185 4233 290 4302 cipisse
310 4237 334 4287 G
354 4233 367 4304 Η
388 4236 423 4289 18
442 4232 614 4301 concipisset
635 4234 658 4284 G
680 4231 694 4302 Η
715 4234 748 4286 19
768 4231 851 4285 diana
871 4229 949 4285 clad*
970 4230 982 4300 Η
1002 4232 1037 4286 20
1055 4246 1119 4283 mox
1137 4248 1186 4280 om.
1202 4231 1225 4281 G
1244 4232 1293 4280 orl-

185 4322 269 4373 dt'lom
287 4321 366 4373 babet
388 4319 424 4375 (3⁶
445 4319 458 4390 Η
478 4318 580 4372 licaoni
601 4315 678 4370 &⁶61⁶
699 4317 712 4386 Η

1073 4418 1091 4472 8
