3254 5202
742 502 977 570 -126-

268 671 396 758 squod
417 671 487 737 sine
510 670 614 755 capite
636 669 733 736 astris
747 669 894 736 refertur.
917 669 1067 755 Nigidius
1090 668 1131 735 de
1153 666 1279 752 uirgine
1300 668 1346 733 ita
1368 688 1415 734 re-

306 783 376 849 fert
410 781 566 865 uirginem
588 780 743 847 Iustitiam
767 779 830 845 dici
852 780 921 845 siue
943 780 1152 863 aequitatem,
1181 797 1265 860 quae
1293 778 1336 842 ab
1357 777 1416 842 ho-

307 890 444 956 minibus
466 890 636 955 recesserit
657 894 690 955 et
712 890 753 955 ad
776 887 963 955 inmortales
985 890 1099 955 merito
1121 886 1312 973 peruenerit.
1341 907 1415 951 nam

307 1019 377 1064 cum
398 998 481 1064 inter
502 998 654 1064 mortales
670 996 856 1064 conueniret
871 998 1018 1065 omnibus
1033 999 1113 1065 locis
1129 995 1415 1078 conciliabulisque

281 1107 432 1174 ssolitam
460 1108 635 1174 consistere
661 1113 693 1174 et
721 1108 908 1193 praecipere
934 1108 1130 1192 hominibus,
1158 1127 1199 1173 ne
1224 1113 1344 1172 temere
1374 1106 1415 1170 ab

306 1218 468 1301 aequitate
491 1222 522 1283 et
543 1218 663 1284 iustitia
686 1217 901 1300 discederent3
936 1218 1089 1299 quamdiu
1111 1217 1264 1283 mortales
1287 1214 1416 1280 monitis

306 1328 373 1393 suis
389 1326 586 1406 obedissent,
608 1325 731 1391 tamdiu
751 1326 852 1391 uitam
875 1325 945 1390 sine
969 1344 1045 1390 cura
1059 1347 1097 1391 ac
1113 1324 1328 1399 sollicitudine
1350 1323 1417 1390 fac-

306 1440 405 1502 turos.
429 1436 488 1502 sed
510 1456 581 1501 cum
603 1435 818 1520 negligentius
841 1434 1038 1517 aequitatem
1057 1438 1266 1502 obseruarent
1286 1435 1321 1498 in
1342 1434 1416 1500 insi-

306 1546 441 1628 diasque
464 1565 498 1611 se
513 1545 742 1624 declinassent,
767 1543 942 1629 cupiditate
964 1550 997 1610 et
1019 1545 1158 1610 auaritia
1179 1545 1259 1610 alter
1280 1544 1417 1609 alterum

270 1683 295 1722 ιο
307 1654 478 1738 deciperet,
502 1655 544 1720 ab
559 1654 743 1720 hominibus
757 1653 946 1720 discessisse
969 1659 1000 1718 et
1014 1654 1114 1737 digna
1129 1653 1262 1720 caelesti
1282 1672 1415 1718 numero

307 1764 477 1829 inmortale
506 1764 683 1848 praemium
711 1763 841 1847 pietatis
867 1762 1021 1847 possedit.
1054 1765 1153 1830 habet
1174 1768 1281 1829 autem
1303 1762 1417 1828 stellas

307 1876 340 1938 in
367 1874 471 1959 capite
499 1873 668 1940 obscuram
682 1874 819 1938 nimis1
846 1873 1028 1959 παρθένος,
1057 1873 1092 1938 in
1117 1873 1252 1955 singulis
1275 1871 1417 1937 humeris

308 1982 464 2066 singulas,
486 1983 520 2047 in
534 2003 731 2066 unaquaque
746 1984 802 2048 ala
818 1982 900 2049 duas
924 1986 1088 2050 obscuras.
1111 2003 1177 2048 una
1192 2002 1234 2048 ex
1247 1981 1309 2062 his,
1332 1999 1417 2066 quae
1451 2024 1457 2041 .

309 2098 357 2157 est
377 2093 411 2156 in
433 2092 566 2157 dextera
588 2093 641 2157 ala
663 2100 789 2177 aparte
810 2093 945 2173 humeri,
969 2100 1018 2160 est
1040 2094 1128 2159 clara
1151 2091 1239 2179 [nna]
1265 2097 1297 2158 et
1319 2110 1417 2157 uoca-

272 2207 359 2269 ntur
385 2197 622 2288 προτρυγητήρ.
656 2203 690 2267 in
718 2203 855 2289 singulis
882 2202 997 2269 cubitis
1025 2200 1188 2285 singulas,
1220 2200 1256 2264 in
1282 2200 1418 2282 singulis

308 2310 456 2376 manibus
479 2310 635 2397 singulas.
667 2312 739 2390 illa,
768 2334 850 2396 quae
877 2314 910 2378 in
933 2313 1069 2380 dextera
1089 2316 1151 2390 est,
1179 2309 1295 2374 clarior
1317 2313 1419 2375 estet

309 2426 442 2486 uocatur
463 2422 563 2505 spica.
592 2422 625 2485 in
647 2421 755 2487 tunica
774 2423 886 2489 stellae
906 2423 1062 2505 obscurae
1083 2443 1126 2484 rr.
1148 2420 1183 2484 in
1205 2417 1341 2500 singulis
1362 2436 1417 2501 pe-

308 2530 403 2595 dibus
426 2530 579 2615 singulas.
604 2535 679 2595 sunt
701 2550 811 2596 omnes
833 2555 935 2596 xvim.

270 2724 408 2793 Ghabet
433 2731 541 2791 autem
568 2727 681 2793 stellas
703 2725 737 2790 in
760 2726 866 2811 capite
890 2726 1021 2809 quidem
1043 2727 1213 2792 obscuram
1241 2741 1354 2801 unam,
1384 2722 1417 2786 in

269 2861 296 2901 ao
308 2856 504 2919 unaquaque
527 2837 582 2901 ala
603 2836 696 2919 duas,
718 2835 753 2898 in
775 2834 911 2920 singulis
933 2835 1074 2901 humeris
1097 2835 1261 2919 singulas,
1283 2832 1318 2897 in
1339 2853 1419 2897 uno·

309 2965 436 3029 quoque
452 2945 559 3010 cubito
575 2964 682 3023 unam,
705 2943 738 3007 in
755 2944 892 3027 singulis
908 2944 1056 3009 manibus
1072 2944 1228 3026 singulas,
1251 2943 1285 3006 in
1299 2942 1418 3027 penula

307 3054 488 3122 uestimentl
503 3073 569 3132 seu,
593 3053 627 3116 in
644 3073 840 3136 unoquoque
855 3052 940 3136 pede
962 3073 1069 3118 unam.
1092 3059 1167 3118 sunt
1181 3072 1292 3119 omnes
1307 3054 1417 3144 decem

309 3171 341 3229 et
361 3183 489 3228 nouem.

269 3344 291 3393 s
345 3334 361 3386 1
380 3331 497 3387 infertur
518 3336 541 3384 V
559 3331 572 3402 Η
592 3333 609 3386 2
627 3331 763 3387 iustitiam
782 3349 818 3385 ear
835 3333 952 3388 istitiam
971 3352 1038 3388 corr.
1052 3353 1085 3386 m.
1100 3336 1224 3386 alteras
1244 3332 1258 3404 Η
1278 3334 1417 3389 iusticiam

313 3426 336 3475 V
355 3420 368 3492 Η
388 3421 406 3476 3
424 3419 593 3473 immortales
616 3423 639 3471 V
657 3417 671 3489 Η
691 3419 835 3473 transierit
858 3425 880 3473 V
898 3420 911 3490 Η
931 3421 950 3476 4
968 3420 1173 3491 conciabolisq;
1192 3425 1213 3489 S
1233 3420 1247 3492 Η
1267 3425 1284 3478 6
1302 3438 1319 3474 a
1336 3422 1416 3477 iusti·
1476 3486 1480 3490 ,

310 3509 355 3563 cia
374 3511 403 3561 st
421 3505 573 3576 equalitate
592 3511 615 3559 V
633 3504 646 3577 Η
667 3505 715 3576 qui
734 3508 865 3575 quamdiu
883 3513 906 3561 V
924 3507 938 3578 Η
956 3509 1090 3562 mortales
1104 3527 1153 3562 cm.
1169 3512 1192 3561 V
1210 3507 1223 3580 Η
1244 3510 1340 3563 moniti
1354 3512 1418 3563 eunt

308 3599 329 3649 S
350 3595 364 3666 Η
384 3592 498 3649 monitis
518 3593 579 3645 eius
598 3608 654 3659 non
671 3597 694 3645 V
712 3592 726 3663 Η
747 3596 861 3650 monitis
881 3596 940 3650 suis
958 3600 1055 3664 scripsi
1075 3593 1089 3665 Η
1110 3595 1126 3649 l
1145 3593 1294 3648 obedirent
1316 3600 1339 3649 V
1355 3594 1370 3665 Η
1390 3595 1418 3648 is

310 3683 358 3736 diu
376 3686 397 3735 8
416 3681 432 3752 Η
452 3681 499 3734 din
517 3680 546 3732 in
569 3685 592 3733 V
611 3679 624 3751 Η
644 3680 704 3733 uita
728 3686 749 3733 V
768 3681 782 3753 Η
803 3683 910 3738 futuros
923 3686 973 3737 SV
991 3682 1004 3754 Η
1025 3683 1149 3737 facturos
1167 3686 1265 3750 scripsi
1284 3686 1320 3749 cf.
1336 3683 1419 3751 sciet·

309 3773 398 3824 Basti.
412 3777 514 3836 cem
530 3767 543 3837 Η
558 3768 757 3836 8neglientius
770 3773 792 3822 S
805 3769 818 3844 Η
834 3771 1017 3824 obseruantes
1038 3769 1213 3824 declinarent
1229 3767 1374 3838 insidiisq;
1397 3772 1420 3820 V

310 3857 324 3928 Η
344 3856 497 3913 9anaricia
514 3859 536 3905 V
554 3853 566 3924 Η
587 3857 622 3912 10
635 3855 841 3926 discessiss38
863 3857 876 3926 Η
896 3858 930 3912 12
945 3864 1122 3917 ΠΡΘΕΝΟΕ
1140 3861 1225 3909 Sum.
1240 3860 1261 3908 V
1281 3854 1296 3926 Η
1315 3856 1349 3909 13
1363 3853 1419 3907 alia

313 3948 336 3997 V
354 3942 368 4014 Η
390 3943 532 3997 obscuras.
551 3942 596 3995 Ex
608 3943 649 3996 eis
663 3946 729 3996 sunt
741 3959 795 4013 qus
814 3949 836 3997 V
855 3943 868 4014 Η
888 3943 924 3998 14
941 3958 996 3996 una
1011 3946 1099 3995 deleas·
1119 3940 1131 4010 Η
1153 3943 1186 3997 15
1207 3948 1419 4025 ΠΡΟΤΡΝΤΙΗ

310 4038 394 4092 ΤΕΙΕ
412 4034 433 4083 S
453 4034 574 4082 loruucm
592 4032 705 4097 praebet
729 4030 783 4101 ΥΗ
804 4031 838 4084 17
856 4030 940 4083 unica
957 4033 978 4082 S
998 4027 1011 4098 Η
1033 4028 1131 4083 stellas
1151 4029 1286 4082 obscuras
1309 4032 1332 4080 V
1350 4024 1364 4095 Η

273 4143 297 4191 G
345 4136 380 4190 19
400 4133 485 4204 quida
504 4135 527 4186 G
548 4132 563 4204 Η
582 4133 611 4185 in
629 4132 971 4202 unaquaque-humeris
990 4132 1115 4201 singulae
1134 4152 1185 4187 om.
1201 4134 1225 4185 G
1243 4131 1258 4201 Η
1278 4132 1313 4185 22
1331 4129 1418 4183 uesti-

310 4221 411 4275 mentis
431 4224 522 4274 cltero
541 4236 555 4274 s
572 4223 602 4273 s‘ss
619 4238 675 4274 ros.
697 4222 735 4272 θ’
764 4217 777 4288 Η
805 4223 881 4286 iufra
900 4223 1009 4288 adpicta
1027 4225 1116 4289 tureyo
1137 4216 1242 4272 ecte*
1261 4217 1275 4288 Η
1294 4215 1418 4272 'VIRGO

312 4310 378 4362 (ἔθ’
397 4306 411 4379 Η
1378 4308 1382 4323 ”
