3202 5200
624 485 855 552 -219-

184 654 273 719 litum
299 652 420 736 digiliis
447 653 616 718 inhaerere
642 653 721 736 pilis
743 675 802 737 pro
830 655 917 719 uallo
944 653 1098 738 fulgorem
1122 656 1228 739 effigie
1251 664 1330 730 eas

183 770 215 828 et
238 763 396 828 antemnis
421 762 642 846 nauigantium
669 762 807 844 aliisque
833 764 963 828 nauium
986 766 1131 848 partibus
1153 784 1212 830 ceu
1233 786 1290 830 uo·

183 872 245 936 eali
269 872 408 954 quodam
432 891 510 937 sono
533 872 682 936 insistunt
702 878 737 936 ut
756 872 905 938 uolucres
928 873 1038 939 sedern
1061 893 1101 939 ex
1124 872 1202 949 sede
1224 888 1289 939 mu-

181 986 295 1065 tantes,
318 1001 445 1063 graues,
460 1002 540 1046 >cum
560 980 723 1046 solitariae
746 1002 874 1062 uenere,
899 989 1143 1065 mergentesque
1157 984 1291 1064 nauigia

184 1095 224 1169 et,
247 1091 274 1155 si
295 1091 328 1155 in
351 1090 479 1156 carinae
501 1090 567 1154 ima
588 1089 773 1176 deciderint,
797 1098 981 1171 exurentem
1010 1093 1159 1173 geminae
1182 1096 1289 1158 autern
1314 1112 1326 1149 ⁵

183 1198 339 1265 salutares
368 1207 399 1264 et
425 1219 598 1284 prosperos
625 1220 735 1266 cursus
762 1202 954 1275 nuntiantes,
987 1221 1122 1283 quarum
1149 1200 1291 1266 aduentu

182 1309 290 1391 fugari
313 1309 416 1373 diram
438 1309 528 1374 illam
551 1329 590 1373 ac
612 1311 767 1375 minacem
791 1311 1051 1395 appellatamque
1066 1310 1223 1375 Helenam
1245 1309 1290 1375 fe-

181 1424 256 1482 runt
278 1424 310 1484 et
332 1420 373 1485 ob
395 1417 430 1481 id
451 1418 574 1482 Polluci
597 1439 637 1483 ac
653 1420 777 1485 Castori
799 1420 833 1484 id
854 1441 971 1487 numen
989 1410 1290 1501 assignant'eosque

180 1530 214 1593 in
236 1528 318 1593 mari
340 1527 500 1593 inuocant.
523 1527 685 1593 hominum
702 1550 830 1611 quoque
847 1531 951 1614 capita
965 1528 1158 1613 uespertinis
1173 1548 1289 1610 magne

180 1637 351 1723 praesagio
374 1634 626 1718 circumfulgent.
650 1639 758 1703 omnia
779 1639 903 1704 incerta
925 1640 1048 1704 ratione
1064 1645 1096 1705 et
1109 1638 1289 1703 innaturae
1305 1660 1329 1698 ιο
1421 1647 1427 1656 ·

180 1750 347 1814 maiestate
369 1746 489 1811 abdita.

654 1856 817 1922 Eiusdem.

266 1967 368 2031 Arcus
396 1985 467 2030 cum
494 1970 567 2029 sunt
594 1963 754 2047 duplices,
781 1967 909 2050 pluuias
935 1965 1094 2043 nuntiant,
1124 1985 1145 2029 a
1170 1964 1289 2049 pluuiis

181 2075 384 2141 serenitatem
407 2095 472 2139 non
494 2074 629 2157 perinde
651 2080 779 2139 certam.
820 2097 889 2141 cum
917 2081 1040 2140 aestate
1069 2074 1288 2140 uehementius

179 2185 281 2251 tonuit
303 2205 403 2271 quam
423 2183 523 2262 fulsit,
545 2189 660 2248 uentos
683 2202 722 2247 ex
745 2206 784 2250 ea
805 2192 897 2269 parte
921 2184 1102 2267 denuntiat,
1127 2188 1238 2267 contra
1260 2184 1288 2247 si
1305 2212 1326 2248 a

179 2294 283 2357 minus
305 2292 423 2370 tonuit,
454 2293 598 2357 imbrem.
637 2314 708 2357 curn
732 2298 844 2360 sereno
868 2297 959 2360 caclo
981 2295 1134 2377 fulgurat,
1156 2280 1290 2378 planiae

180 2407 272 2465 erunt
296 2402 499 2479 ottonibus,
523 2406 579 2465 aut
601 2400 767 2481 hiemabit‚
791 2403 987 2469 atrocissime
1010 2407 1129 2478 autem,
1154 2420 1223 2463 cum
1249 2419 1289 2464 ex

180 2509 328 2574 omnibus
352 2514 500 2590 quattuor
521 2509 663 2592 partibus
683 2510 765 2575 caeli
786 2511 972 2593 fulgurabit.
995 2531 1066 2575 curn
1081 2509 1122 2573 ab
1138 2508 1288 2591 aquilone

180 2623 302 2701 autern,
326 2617 359 2681 in
382 2624 543 2701 posterum
567 2618 651 2684 diem
675 2640 792 2703 aquarn
815 2621 997 2704 pertendet,
1026 2638 1095 2683 cum
1119 2638 1140 2682 a
1163 2625 1286 2709 septen-

179 2729 298 2806 trione,
326 2732 456 2792 uentum
484 2749 565 2791 eum.
604 2748 674 2793 curn
704 2731 744 2794 ab
773 2735 880 2796 austro
904 2730 957 2794 uel
979 2751 1053 2794 coro
1077 2736 1133 2793 aut
1154 2722 1286 2792 sauonio
1300 2756 1326 2792 »ιο

179 2843 273 2903 nocte
288 2856 403 2902 serena
418 2835 603 2920 fulgurabit,
626 2844 756 2903 uentum
778 2846 809 2904 et
830 2840 962 2905 imbrem
986 2859 1026 2904 ex
1048 2838 1170 2903 eisdem
1186 2839 1287 2922 regio-

178 2948 272 3013 nibus
296 2946 536 3011 demonstrabit.
566 2967 636 3012 cum
658 2949 699 3012 ab
724 2951 876 3031 aquilone
898 2949 999 3032 fulget
1021 2955 1053 3013 ct
1075 2948 1117 3012 ab
1141 2966 1217 3010 euro
1239 2937 1287 3011 in·

177 3064 277 3141 tonat,
301 3060 519 3138 tempestatem
543 3054 708 3139 significat.
736 3062 875 3124 tonitrua
896 3060 1051 3124 matutina
1073 3063 1202 3121 uentum
1225 3056 1288 3139 sig-

178 3167 318 3243 nificant,
340 3164 473 3229 imbrem
496 3163 683 3231 meridiana.
705 3167 733 3231 si
755 3169 857 3234 nubes
879 3174 915 3233 ut
936 3169 1057 3233 uellera
1078 3168 1176 3234 lanae
1199 3189 1286 3252 spar-

177 3283 292 3359 gentur
314 3276 356 3339 ab
377 3274 506 3358 oriente,
529 3294 648 3357 aquarn
670 3275 703 3339 in
725 3277 863 3341 triduum
884 3278 1099 3362 praesagient.
1139 3304 1145 3315 ¹

213 3432 227 3484 1
246 3429 374 3482 inherere
400 3426 413 3495 Η
440 3426 516 3496 effigi
535 3433 564 3482 et
589 3429 602 3499 Η
627 3430 757 3500 2ptlbus
777 3431 886 3485 euocali
910 3431 922 3503 Η
949 3431 1059 3487 bhima
1083 3431 1096 3500 Η
1121 3429 1325 3502 sprosperis

178 3533 273 3572 cursus
292 3515 406 3569 nuntiae
419 3519 522 3567 Plinius
542 3516 555 3585 Η
576 3517 672 3571 *liram
691 3516 706 3587 Η
725 3518 875 3574 dcastoris
895 3516 908 3587 Η
930 3534 1029 3572 nomen
1049 3516 1063 3588 Η
1083 3516 1284 3587 numerarat]

176 3605 338 3672 assignante
357 3600 373 3672 Η
393 3602 541 3655 9nestinis
563 3601 577 3672 Η
597 3603 631 3657 10
649 3603 677 3654 in
697 3607 773 3656 certe
795 3604 807 3673 Η
828 3606 863 3659 13
876 3610 937 3657 Plio
961 3609 987 3654 X
993 3610 1057 3656 V111
1069 3612 1123 3655 363
1143 3603 1156 3674 Η
1177 3604 1286 3673 nr'rptiat

177 3691 191 3761 Η
212 3691 247 3744 14
265 3705 281 3740 u
301 3705 320 3758 p
338 3690 453 3740 icertam
474 3686 487 3756 Η
506 3698 567 3754 post
589 3693 692 3740 certam
712 3693 787 3740 addit
801 3695 917 3743 Pilatus:
937 3692 1035 3745 circuli
1053 3691 1135 3744 nubis
1155 3691 1230 3744 circa
1247 3691 1283 3743 si·

176 3777 244 3830 dera
264 3774 357 3843 aliqua
375 3773 496 3843 pluuiam
518 3773 533 3843 Η
560 3790 620 3828 cum
640 3777 759 3843 aestate]
779 3780 846 3832 Plio.
867 3782 884 3830 l.
902 3783 919 3830 l.
937 3787 990 3829 354
1009 3776 1023 3847 Η
1045 3778 1078 3831 15
1098 3795 1152 3847 quo
1172 3778 1250 3831 fulsit
1269 3777 1282 3848 Η

177 3862 323 3933 denr'rptiat
343 3858 356 3929 Η
376 3860 410 3913 16
428 3860 536 3927 fulgora
556 3860 568 3930 Η
588 3860 699 3931 pluniae
714 3867 806 3916 ‹aldr'dr'
819 3883 854 3917 ra
866 3855 953 3918 Plinio
974 3863 988 3934 Η
1009 3867 1042 3919 17
1060 3866 1182 3919 tronitua
1201 3868 1214 3935 Η
1235 3866 1283 3917 ab·

91 3976 95 3987 ·
175 3948 293 4003 himanit
306 3948 365 4015 (sic)
386 3946 399 4015 Η
420 3950 449 3999 et
466 3947 701 4016 hiemabitsillr‘p.
722 3949 736 4020 Η
757 3956 805 4004 aut
822 3952 1026 4007 hiemabitloa.
1048 3951 1061 4023 Η
1083 3955 1116 4009 18
1135 3952 1285 4021 fulgorauit

178 4031 192 4103 Η
213 4034 248 4086 ab
268 4034 396 4102 aquilone
415 4036 522 4086 tanturn
532 4038 636 4088 Plinius
655 4033 669 4106 Η
689 4038 724 4093 20
743 4039 826 4093 choro
846 4038 861 4110 Η
880 4042 913 4095 21
934 4043 1083 4111 fulgorauit
1103 4040 1116 4112 Η
1136 4042 1170 4094 22
1190 4037 1283 4091 demo-

178 4120 278 4172 streuit
295 4116 308 4187 Η
329 4135 433 4173 cum-
444 4121 584 4189 significat
603 4142 651 4175 oue
665 4123 772 4178 Plinius
787 4124 801 4196 Η
821 4129 856 4185 23
874 4132 989 4182 tonsura
1007 4129 1154 4182 mattntina
1168 4129 1181 4196 Η
1196 4129 1282 4197 signi·

111 4282 114 4285 Ι
177 4203 244 4257 ficet
263 4203 275 4273 Η
296 4207 331 4260 24
349 4206 529 4261 meridianum
550 4208 562 4277 Η
584 4211 608 4264 si
628 4211 726 4280 nubes]
746 4216 814 4267 Plio.
829 4219 845 4265 l.
861 4218 877 4268 l.
891 4224 945 4268 356
963 4215 977 4287 Η
996 4221 1162 4286 spargentur
1180 4216 1286 4287 multae·

180 4291 215 4345 ab
234 4291 341 4345 oriente
360 4296 463 4347 Plinius
482 4292 496 4365 Η
964 4320 967 4323 Χ
