3254 5202
651 530 862 601 -.35-

205 722 339 787 eamque
361 701 501 770 edidisse
519 722 628 781 cuum,
651 701 737 767 unde
761 706 838 767 nata
853 701 899 767 *sit
915 701 1049 768 Helena.
1074 703 1131 767 sed
1155 704 1304 785 quoniam

203 814 347 899 luppiter
367 832 476 878 rursus
502 794 536 876 in
563 811 687 877 caelum
713 811 746 875 in
774 831 909 896 cygnum
933 810 1175 896 transfiguratus
1198 833 1233 878 se
1252 833 1303 880 re·

205 928 340 1008 ceperat,
363 928 398 987 ut
419 921 479 986 fuit
500 922 612 1005 pennis
626 921 730 1000 tentis,
753 921 957 986 simulacrum
981 920 1049 985 eius
1072 920 1231 988 sideribus
1253 944 1303 988 re·

204 1032 313 1116 liquid.
348 1032 444 1097 habet
472 1031 597 1096 stellam
626 1031 659 1095 in
687 1030 790 1114 capite
817 1031 935 1095 claram
958 1052 981 1109 r,
1009 1030 1043 1094 in
1069 1031 1131 1097 alis
1160 1031 1302 1115 utrisque

206 1142 328 1226 quinas,
351 1143 385 1207 in
407 1162 538 1226 corpore
552 1165 573 1220 1,
596 1140 630 1206 in
653 1140 757 1207 cauda
771 1165 797 1226 r,·
813 1160 899 1224 quae
921 1146 970 1206 est
991 1140 1300 1225 amplissima.fiuut
1326 1168 1338 1205 c

206 1272 316 1319 omnes
336 1275 405 1316 mn.

290 1362 418 1429 Oceano
442 1360 575 1448 mersus]

288 1472 349 1537 Hic
369 1489 487 1537 nomen
514 1469 675 1554 accepisse
702 1469 829 1549 dicitur,
853 1470 938 1554 quod
960 1471 1029 1536 eius
1052 1476 1163 1538 exortu
1184 1471 1303 1536 imbres

204 1581 331 1667 plurimi
352 1579 438 1647 fiant.
471 1577 598 1660 quidam
621 1580 732 1643 uolunt
754 1580 973 1667 Ganymedem
1002 1601 1073 1645 eum
1095 1599 1302 1664 essequam

204 1693 370 1776 figuratum
399 1689 433 1754 in
460 1686 668 1754 ministerium
696 1689 852 1754 oencchoi
873 1695 909 1756 et*
926 1690 1013 1774 quod
1033 1690 1144 1756 imbris
1164 1689 1303 1756 infundit
1316 1720 1340 1759 ro

204 1823 262 1868 suo
290 1800 396 1866 sidere
419 1805 529 1864 nectar
555 1796 627 1863 dici.
645 1798 759 1881 -habet
784 1799 895 1866 stellas
923 1801 1107 1884 aquarius
1128 1823 1217 1886 xvm,
1245 1799 1303 1866 sed

203 1911 302 1976 fusio
325 1927 446 1992 aquae
461 1908 496 1972 fit
510 1928 549 1973 ex
564 1908 663 1973 stellis
678 1931 772 2001 xxxrp
790 1908 961 1991 exquibus
983 1910 1066 1976 duae
1090 1911 1196 1976 clarae
1219 1916 1302 1993 sunt,

203 2019 347 2102 reliquae
368 2021 525 2085 obscurae.
555 2019 703 2104 Nigidius
729 2018 977 2102 hydrochoea
1005 2020 1073 2086 siue
1101 2019 1301 2102 aquarium

204 2128 361 2195 existimat
388 2147 461 2211 esse
483 2129 710 2194 Deucalionem
732 2126 937 2215 Thessalum,
970 2130 1023 2213 qni
1051 2131 1189 2196 maximo
1218 2136 1302 2196 cata-

203 2240 322 2325 clysmo
345 2237 443 2304 fertur
463 2237 591 2304 relictus
613 2258 683 2305 oum
705 2257 804 2304 uxore
826 2239 957 2323 Pyrrha.
972 2246 1013 2306 xet
1034 2247 1243 2326 posteaquam
1265 2254 1339 2310 sen

204 2356 236 2418 et
258 2368 387 2415 uxorem
409 2366 499 2415 suam
521 2348 555 2413 in
576 2352 661 2413 terra
682 2348 810 2414 relictos
832 2348 931 2414 sensit
953 2349 1182 2433 orbitatemque
1204 2351 1302 2416 uasti-

202 2460 276 2525 tatis
298 2458 467 2525 miseratus
487 2458 528 2522 ab
543 2456 764 2522 inmortalibus
785 2457 911 2541 precari
934 2459 1046 2542 coepit,
1063 2465 1097 2523 ut
1110 2465 1167 2524 aut
1188 2465 1220 2524 et
1240 2460 1302 2544 ipsi

202 2568 367 2633 interirent
389 2572 444 2632 ant
459 2565 627 2631 ‘hominurn
643 2584 744 2652 genus
766 2566 991 2647 restitueretur,
1013 2568 1153 2653 luppiter
1174 2588 1302 2652 respon

204 2698 273 2742 sum
299 2676 329 2741 ei
354 2695 411 2761 per
438 2681 553 2742 sortem
578 2673 744 2754 indicauit,
771 2677 821 2765 uti
843 2675 971 2760 lapides
1001 2696 1081 2760 quos
1103 2683 1177 2745 ante
1195 2686 1233 2744 'se
1254 2698 1301 2744 re-

204 2785 361 2869 perissent
380 2792 453 2872 post
474 2806 509 2852 se
530 2785 694 2852 iactarent.
721 2784 842 2851 reuersi
863 2785 971 2869 itaque
994 2806 1157 2871 quosquos
1178 2789 1340 2859 Deuca-20

205 3060 220 3113 1
239 3060 305 3112 nata
322 3073 390 3131 corr.
404 3071 439 3107 ec
456 3056 537 3107 natus
558 3056 578 3105 A
601 3051 613 3124 Η
634 3053 651 3108 2
669 3053 778 3122 signum
796 3057 818 3105 P
837 3051 849 3124 Η
870 3052 961 3108 fuerat
978 3058 1082 3122 Pcpccl
1094 3071 1107 3109 c
1120 3054 1152 3122 (t)
1171 3052 1185 3127 Η
1205 3056 1222 3112 3
1239 3058 1300 3110 ten·

203 3150 249 3198 tus
268 3147 289 3195 A
312 3141 499 3213 linteatus?
521 3138 534 3210 Η
559 3141 645 3195 tentis
663 3144 760 3208 scripsi
781 3140 798 3212 Η
823 3141 903 3196 simul
923 3157 1015 3196 acrum
1032 3144 1055 3192 A
1081 3139 1093 3212 Η
1120 3158 1137 3207 q
1154 3138 1300 3213 syderibus

205 3237 226 3284 P
245 3222 460 3302 Η411ὼθηεἈ
483 3224 495 3296 Η
516 3225 596 3297 alisq.
617 3232 638 3281 Ρ
657 3227 668 3299 Η
689 3230 705 3284 7
723 3224 886 3296 praecedunt
901 3233 988 3283 Germ.
1009 3248 1034 3283 o.
1046 3234 1148 3299 Bstsq.
1169 3228 1183 3301 Η
1202 3232 1219 3286 8
1239 3231 1300 3287 Cal.

204 3322 297 3372 XXVI
317 3322 385 3384 Hpq.
398 3320 426 3368 P.
440 3319 472 3368 A.
485 3320 516 3366 ΙΙ
524 3320 559 3367 29
570 3320 615 3367 111
624 3323 660 3369 28
675 3317 731 3384 fob.
746 3324 797 3368 1⁶4
820 3313 834 3387 Η
857 3315 915 3370 Hic
932 3320 950 3371 c'.
964 3335 986 3371 e.
1007 3321 1134 3386 cqccrior
1152 3314 1167 3388 Η
1187 3334 1222 3372 ex
1240 3322 1301 3373 ortu

203 3411 225 3459 A
247 3405 259 3477 Η
280 3408 296 3461 9
315 3403 488 3475 ganimedem
509 3408 529 3454 P
548 3400 561 3473 Η
589 3402 802 3458 romiseans
828 3401 842 3473 Η
867 3403 1021 3459 ministrum
1038 3410 1060 3458 P
1083 3403 1097 3476 Η
1121 3405 1301 3463 ministerium

202 3497 298 3562 scripsi
318 3489 331 3565 Η
352 3491 454 3545 imbres
468 3494 513 3542 AP
531 3489 544 3559 Η
564 3488 659 3556 imbris
678 3493 774 3557 scripsi
794 3488 808 3560 Η
828 3491 860 3545 11
881 3491 979 3561 sydera
999 3498 1021 3546 P
1039 3490 1053 3563 Η
1072 3503 1133 3562 post
1151 3493 1242 3551 sidere
1260 3497 1302 3547 lo-

204 3599 284 3634 cuooe
303 3584 404 3648 siquam
424 3581 495 3647 apud
513 3594 525 3630 ε
546 3574 558 3647 Η
580 3577 613 3630 12
633 3591 703 3645 aque
720 3579 743 3627 A
765 3575 778 3647 Η
799 3577 910 3633 extellis
930 3584 951 3631 A
973 3590 1041 3633 teste
1060 3584 1157 3633 Kicssl.
1178 3577 1193 3650 Η
1212 3580 1301 3637 clares

203 3673 224 3720 A
246 3665 260 3739 Η
281 3665 354 3721 clare
373 3670 395 3717 Ρ
414 3665 428 3737 Η
447 3666 481 3720 13
499 3662 604 3732 relique
623 3666 644 3713 A
666 3658 680 3731 Η
705 3661 839 3718 obscurae
858 3669 963 3718 ocldiclit
982 3685 994 3720 a
1019 3665 1032 3736 Η
1057 3666 1227 3737 hydrochoic
1244 3671 1266 3718 A
1286 3663 1300 3737 Η

203 3755 365 3812 hidrochoia
383 3758 405 3805 Ρ
423 3752 529 3805 correct
549 3746 564 3818 Η
584 3748 618 3802 14
635 3748 770 3805 thesalnm
790 3756 835 3804 ΑΡ
854 3750 868 3822 Η
888 3753 1049 3808 cataclismo
1068 3753 1122 3825 ΡΗ
1147 3754 1181 3810 15
1198 3770 1301 3809 uxorse

203 3861 284 3916 pyrra
302 3840 355 3912 ΡΗ
375 3843 441 3913 post
460 3855 520 3892 eam
541 3852 622 3907 quam
641 3840 662 3887 A
688 3833 702 3906 Η
727 3839 759 3894 19
777 3838 890 3894 relictus
909 3844 932 3893 A
954 3840 967 3912 Η
988 3841 1097 3895 censuit
1115 3844 1161 3894 ΑΡ
1178 3840 1192 3912 Η
1212 3842 1302 3897 sensit

205 3950 298 4001 opopa.
313 3932 404 3983 Berol.
419 3937 487 3982 teste
500 3923 555 3994 εΗ)
575 3922 588 3994 Η
608 3923 807 3995 orbitatisqnae
820 3928 990 4000 uastitatisq.
1004 3932 1027 3981 A
1048 3927 1061 3999 Η
1082 3929 1301 3999 orbitatemquaa

203 4018 372 4088 uastitatisq.
386 4021 408 4069 P
424 4012 439 4086 Η
461 4014 662 4081 orbitatemque
674 4013 816 4068 uastitatis
835 4020 951 4069 conlatio
965 4020 1103 4071 Heinsius.
1117 4020 1188 4083 cpccl
1199 4018 1300 4070 Selac-

204 4125 322 4177 tcclo'cm
342 4120 355 4192 Η
376 4122 408 4175 17
426 4101 654 4184 inmortalitatis,
673 4121 694 4169 A
716 4115 729 4188 Η
749 4119 858 4190 precari
876 4123 923 4173 AP
940 4117 955 4191 Η
975 4121 1070 4192 coepit
1089 4135 1157 4174 corr.
1171 4137 1206 4173 ecc
1224 4120 1300 4192 cepit

205 4246 227 4294 P
244 4240 258 4313 Η
278 4246 307 4297 et
325 4246 409 4298 ocuP
427 4239 440 4313 Η
461 4243 495 4297 18
511 4206 696 4325 interiret-{pit
713 4243 736 4291 P
754 4237 771 4311 Η
788 4240 820 4295 19
834 4237 857 4292 tc
869 4243 916 4293 AP
932 4242 945 4312 Η
966 4241 993 4297 ei
1010 4245 1106 4310 scripsi
1124 4239 1138 4313 Η
1158 4241 1296 4317 repperis-

206 4348 269 4402 sent
286 4350 309 4403 Ρ
326 4343 340 4417 Η
359 4347 395 4402 20
412 4350 479 4418 post
495 4345 663 4402 reiectarant
678 4347 702 4398 A
721 4342 735 4421 Η
