3252 5204
628 481 840 549 ..57-

179 654 288 740 ibique
314 654 376 722 sibi
402 655 521 737 laqueo
549 658 682 718 mortem
705 650 851 716 adsoiuit.
895 656 962 714 tum
983 650 1100 721 dieitur
1121 650 1220 721 Liber
1241 651 1282 719 ab

178 766 257 833 Ioue
286 765 420 851 petisse,
448 769 576 849 propter
605 761 691 847 quod
712 761 831 827 Icarius
858 768 952 844 pater
974 758 1130 847 Erigones
1158 760 1281 847 fuisset,
1375 832 1378 838 ,

178 878 318 944 siderum
341 875 443 958 signis
465 872 695 939 nobilitaretur.
728 872 772 936 ad
794 891 897 953 eaque
912 871 1053 954 uirgines
1068 873 1283 965 Athenienses

179 986 349 1070 quotannis
372 984 456 1049 diem
477 982 594 1049 festum
616 981 820 1047 instituerunt
842 1000 971 1061 aeoras,
1002 1002 1082 1067 quas
1103 1002 1164 1048 nos
1185 980 1283 1053 latine

180 1096 316 1167 dioimus
344 1097 477 1169 oscilla·
504 1093 579 1159 ideo
613 1090 691 1174 quia
717 1090 807 1157 illam
835 1090 1026 1175 pendentem
1054 1090 1141 1181 [qui]
1169 1090 1284 1159 iactari
1308 1108 1320 1145 ⁵

180 1211 423 1290 conspexerunt,
448 1204 533 1286 quod
555 1209 604 1269 est
618 1201 707 1287 apud
721 1202 862 1267 Graecos
876 1201 1056 1289 φέρεσθαι,
1080 1220 1120 1266 en
1142 1223 1205 1286 quo
1220 1202 1283 1271 fae·

182 1322 249 1382 tum
271 1320 320 1382 est
341 1321 378 1379 ut
396 1314 460 1381 soli
482 1312 593 1379 oseillo
616 1312 812 1378 laetarentur
833 1313 989 1411 homiues.
1031 1312 1156 1381 Icarius
1176 1320 1283 1381 autern

180 1431 272 1511 pater
293 1424 425 1510 uirginis
448 1423 627 1489 nominatur
653 1422 748 1488 stella
777 1428 966 1490 araturus.
1011 1443 1095 1507 quae
1117 1444 1188 1490 oum
1210 1445 1283 1492 exo·

180 1537 259 1602 ritur
281 1534 504 1620 spurcissimas
530 1538 738 1616 tempestates
765 1533 847 1597 mari
868 1541 1036 1618 terraeque
1058 1533 1169 1620 eflicit,
1196 1534 1282 1620 quod

180 1645 323 1735 mommo
344 1645 406 1711 sou
427 1624 490 1730 pro
508 1642 664 1709 ueneficio
686 1643 817 1709 exitium
838 1644 937 1711 usse
959 1665 980 1710 a
1000 1645 1197 1713 mortalibus.
1230 1665 1282 1712 ee
1297 1663 1321 1715 o

180 1757 230 1822 nis
252 1761 360 1823 autem
381 1755 475 1821 loarii
497 1754 552 1838 qui
573 1753 703 1820 ululans
725 1761 799 1820 ante
822 1755 923 1840 pedes
948 1755 1118 1841 pendentis
1147 1755 1282 1840 uirginis

180 1872 323 1933 mortuus
347 1870 395 1931 est
416 1852 540 1930 astrum
560 1885 657 1950 oyon
678 1865 868 1946 nominatur,
891 1886 988 1949 quam
1009 1887 1068 1933 nos
1083 1866 1193 1933 oanis
1208 1867 1283 1934 stel-

179 1978 244 2043 lam
265 1976 477 2043 nominamus.
521 1976 576 2057 qui
605 1978 645 2042 ob
675 1976 812 2043 eandem
835 1996 967 2042 oausam
988 1976 1120 2059 quaudo
1142 1978 1283 2045 exoriur

181 2105 336 2152 summam
363 2085 580 2169 pestilentiam
605 2086 792 2151 mortalibus
818 2091 934 2170 portat.
981 2087 1094 2169 uirgo
1125 2085 1283 2169 liguratur

178 2196 283 2263 stellis
303 2218 405 2260 xvuu.
437 2197 527 2265 dodel
553 2196 719 2262 stellaria
749 2196 853 2280 eapite
883 2195 1051 2261 obseuram
1076 2194 1171 2265 nimis
1193 2219 1217 2281 1,
1247 2196 1319 2267 inlr

180 2305 316 2387 singulis
339 2305 458 2371 umeris
480 2305 635 2386 singulas,
657 2305 708 2371 dn
731 2306 859 2373 sinistra
881 2305 934 2370 ala
956 2307 1135 2386 obscuram,
1157 2306 1192 2372 in
1206 2306 1283 2372 dex-

180 2421 229 2479 tra
255 2415 296 2480 ab
324 2435 433 2481 umero
462 2421 494 2480 et
522 2415 562 2479 ab
591 2415 701 2480 ultima
722 2415 822 2499 pinna
842 2422 975 2481 uocatur
996 2422 1205 2500 protrygeter.
1249 2417 1282 2480 iu

181 2524 317 2607 singulis
347 2524 461 2590 cubitis
488 2524 645 2609 singulas,
673 2524 707 2589 in
734 2524 869 2607 singulis
894 2524 1041 2591 manibus
1069 2524 1135 2612 [iu]
1164 2524 1283 2608 ultimis

180 2632 334 2716 singulas.
371 2633 406 2697 in
426 2632 554 2699 sinistm
575 2632 691 2699 olarior
714 2654 802 2716 quae.
819 2639 953 2699 uooatur
976 2633 1075 2717 spica.
1118 2633 1153 2699 iu
1174 2636 1283 2717 tuuiea

181 2740 294 2808 stellae
323 2742 477 2806 obscurae
498 2764 545 2824 vr,
574 2742 607 2806 in
634 2742 767 2827 singulis
794 2741 930 2826 pedibus
955 2741 1111 2827 singulae.
1159 2763 1321 2811 summano

180 2868 282 2915 xvrur.
878 2875 880 2880 ·
915 2872 919 2879 ·

180 3048 199 3102 2
217 3046 341 3116 origonis
360 3051 383 3099 P
401 3046 414 3117 Η
433 3048 451 3103 3
469 3046 598 3117 syderum
615 3053 639 3101 Ρ
660 3048 674 3120 Η
699 3047 901 3103 nobilidaretnr
917 3051 965 3101 ΑΡ
990 3048 1004 3118 Η
1029 3047 1065 3103 ad
1083 3064 1207 3120 eaquae
1224 3055 1247 3103 A
1266 3048 1284 3122 Η

180 3134 217 3188 nd
236 3150 270 3188 aa
288 3135 366 3202 Quae
385 3139 408 3187 Ρ
424 3153 492 3190 corr.
510 3153 522 3189 ε
542 3134 556 3205 Η
576 3136 594 3190 4
612 3151 676 3193 aras
693 3139 739 3191 ΔΡ
757 3133 769 3205 Η
789 3140 888 3189 aeonas
907 3138 1041 3189 Mueller.
1060 3141 1096 3191 sd
1109 3141 1209 3205 lippiunt
1228 3138 1284 3206 fula

182 3230 233 3277 18⁰
251 3219 352 3293 αἰώρας
370 3239 383 3275 ε
403 3220 415 3292 Η
435 3222 453 3278 5
471 3222 571 3277 oscilla
588 3227 692 3276 eddidit
712 3224 869 3277 Mesochoros
893 3227 928 3290 cf.
948 3227 1024 3277 Seru.
1043 3228 1079 3279 ad
1103 3227 1200 3292 Verytl.
1222 3227 1285 3279 fleo.

180 3313 209 3360 11
225 3317 278 3361 ass
299 3306 312 3379 Η
332 3308 380 3363 illa
398 3308 538 3380 pendente
557 3315 578 3362 P
596 3309 610 3381 Η
631 3310 679 3380 qui
697 3315 822 3363 ‹leleults
843 3308 857 3380 Η
875 3309 1011 3367 iaetnril'
1030 3308 1045 3381 Η
1065 3312 1082 3368 6
1100 3326 1199 3381 grecos
1212 3315 1259 3365 ΔΡ
1270 3309 1286 3383 Η

169 3402 348 3458 ἸΦΕΡΕΕΕΜ
372 3399 406 3448 od
431 3402 520 3455 altero
539 3415 618 3450 moon
641 3401 751 3453 laeuone
771 3401 928 3463 illacriprem
946 3402 969 3449 Δ
993 3397 1006 3467 Η
1032 3405 1204 3459 ΦΕΡΕΕΕΑΙ
1225 3403 1247 3451 Ρ
1271 3397 1285 3469 Η

181 3486 316 3554 φέρεσθαι
337 3486 401 3552 lepte
420 3490 447 3537 io
467 3503 559 3551 opopr.
579 3476 684 3544 lieret,
710 3489 849 3552 proposuit
871 3495 959 3537 nalem
983 3488 1146 3555 αἰωρεῖσθαι
1175 3487 1286 3539 Merkel.

185 3573 485 3649 Ouid.Fusl.p.xe111
505 3568 518 3640 Η
539 3571 555 3625 7
574 3568 764 3624 solioseillou
787 3570 800 3642 Η
821 3571 875 3625 soli
893 3575 1033 3625 delendum
1048 3582 1136 3625 causo!
1151 3572 1287 3626 Muoelrer.

185 3656 198 3728 ΙΙ
218 3653 321 3711 learius
340 3661 361 3708 Α
383 3656 396 3729 Η
416 3660 433 3713 9
451 3661 552 3727 terreq.
572 3660 594 3708 Δ
621 3654 635 3725 Η
659 3656 754 3710 effecit
771 3662 794 3709 P
816 3655 830 3729 Η
857 3660 891 3713 10
909 3657 1039 3719 exsilium
1057 3662 1078 3710 A
1104 3656 1118 3728 Η
1142 3673 1176 3711 ex
1195 3659 1287 3713 sitium

181 3783 204 3831 r
221 3778 234 3846 p
255 3748 407 3833 ulmus
426 3783 449 3831 r
471 3776 484 3848 p
511 3780 544 3833 11
563 3778 666 3832 reulus
684 3783 706 3830 r
731 3775 746 3848 p
771 3778 805 3831 12
823 3778 886 3830 0102«
905 3783 927 3830 r
949 3778 963 3849 p
991 3781 1130 3833 arnus
1159 3775 1172 3850 p
1201 3781 1287 3835 nome

182 3869 263 3920 natus
283 3869 304 3916 A
326 3864 340 3936 Η
360 3865 434 3935 quod
452 3871 475 3919 P
493 3865 506 3935 Η
526 3867 561 3921 13
579 3865 627 3936 qui
646 3866 768 3920 exoritur
787 3869 807 3916 Α
831 3864 843 3934 Η
869 3866 903 3919 15
921 3865 1007 3921 habet
1025 3866 1122 3920 stellas
1141 3870 1235 3921 addidi
1254 3887 1289 3921 ea

181 3956 290 4006 ser-oza.
311 3950 325 4023 Η
347 3955 380 4008 16
397 3953 517 4009 humeris
536 3956 559 4003 P
578 3950 590 4024 Η
611 3952 639 4007 in
658 3952 767 4021 singola
785 3953 830 4007 ala
848 3952 983 4009 obscuras
1000 3959 1121 4022 artoptam
1146 3954 1161 4027 Η
1186 3956 1219 4013 tl
1238 3955 1286 4009 hu-

180 4055 255 4094 mero
275 4037 326 4112 ΡΗ
346 4038 383 4093 ad
401 4039 447 4107 (ab
462 4040 493 4109 Ρ)
513 4039 601 4094 altera
618 4039 801 4094 innauoeatur
817 4044 865 4092 ΑΡ
883 4039 896 4106 Η
918 4040 952 4093 ab
972 4041 1068 4095 ultima
1086 4041 1171 4113 pinna
1188 4046 1285 4109 scripsi

182 4125 197 4195 Η
216 4126 252 4179 ab
272 4126 316 4179 ala
333 4130 456 4181 extrema
473 4143 528 4180 una
541 4145 558 4180 -s
584 4125 597 4199 Η
622 4128 790 4198 protrigetur
807 4131 830 4179 Ρ
848 4126 862 4197 Η
890 4129 923 4184 18
940 4128 970 4182 in
988 4132 1086 4183 deleuit
1107 4148 1118 4183 ε
1142 4127 1156 4200 Η
1181 4122 1284 4185 ultimis

182 4211 278 4281 primis
297 4217 342 4264 ΑΡ
365 4212 377 4282 Η
402 4213 506 4268 ultimis
526 4214 650 4284 singulas
672 4220 768 4282 scripsi
794 4213 807 4286 Η
833 4215 958 4284 singulae
977 4233 990 4271 ε
1014 4215 1028 4288 Η
1054 4218 1087 4272 19
1106 4212 1180 4285 quod
1198 4219 1246 4269 ΑΡ
1269 4214 1284 4287 Η

183 4312 254 4366 quae
274 4316 284 4350 ε
306 4297 319 4368 Η
339 4299 434 4353 tauiea
452 4305 474 4352 Ρ
491 4301 505 4371 Η

1018 4386 1065 4441 μ
